1920 3188
693 144 979 189 -17-

623 274 629 278 ’
662 278 796 332 Am.
830 276 898 348 11,
938 257 1021 332 77,

219 401 316 443 Post
348 391 577 438 Germanici
607 387 862 445 repentinum
893 382 1046 425 obitum
1078 378 1202 435 legati
1230 376 1378 431 quique
1411 373 1475 417 alii
1506 384 1583 414 se-

105 481 288 521 natorum
321 467 502 516 aderant,
535 460 679 517 Syriae
711 455 994 513 praefecerant
1020 451 1090 494 Cn.
1123 448 1316 493 Sentium.
1377 445 1430 487 At
1458 444 1583 486 Piso-

106 559 218 597 nem,
261 537 447 583 veneficii
490 535 726 587 suspectum
766 527 945 580 ideoque
977 524 1254 571 cunctantem,
1293 529 1344 559 an
1375 516 1414 556 in
1445 514 1586 556 urbem

108 615 347 675 properaret
377 607 426 650 ad
458 616 622 648 causam
654 597 885 650 dicendam,
916 593 1117 637 Domitius
1150 589 1271 632 Celer
1298 587 1503 645 hortatur,
1545 587 1589 624 ut

108 682 356 744 provinciam
384 679 467 734 jam
498 684 667 716 vacuam
697 671 929 724 repeteret3
963 664 1199 706 disserens:

209 809 212 813 .
251 772 477 823 Utendum
525 769 716 810 eventu:
767 763 1004 812 Pisonem,
1058 770 1147 799 non
1193 754 1397 796 Sentium
1438 749 1591 802 Syriae

254 845 588 905 praepositum3
619 838 721 880 huic
752 833 906 876 fasces
940 834 986 872 et
1010 826 1090 884 jus
1115 824 1361 882 praetoris,
1394 820 1498 862 huic
1530 817 1595 858 le-

254 920 413 976 giones
445 914 587 961 datas.
650 909 698 950 Si
721 901 1016 963 quid‘hostile
1046 899 1244 954 ingruat,
1278 904 1402 949 quem
1421 888 1596 945 justius

257 1001 381 1031 arma
419 985 725 1041 oppositurum
767 974 844 1031 qui
885 973 1030 1030 legati
1070 966 1385 1010 auctoritatem
1424 965 1470 1002 et
1500 971 1598 1015 pro-

257 1061 355 1115 pria
396 1054 603 1104 mandata
643 1047 879 1102 acceperit.
954 1037 1312 1095 Relinquendum
1356 1034 1490 1074 etiam
1528 1041 1600 1069 ru-

259 1128 460 1171 moribus
502 1128 677 1178 tempus
720 1130 807 1175 quo
847 1114 1118 1156 senescant:
1167 1107 1434 1163 plerumque
1478 1102 1601 1141 inno-

264 1201 421 1242 centes
452 1194 625 1237 recenti
658 1187 853 1231 invidiae
885 1185 1096 1239 impares.

238 1306 386 1349 Verbis
417 1303 589 1356 inqruat
619 1309 736 1351 quem
767 1316 823 1324 —·
856 1290 925 1345 qui
956 1287 1080 1342 leyati
1117 1289 1184 1326 aut
1221 1279 1410 1323 mendum
1442 1272 1606 1329 aliquod

128 1386 194 1425 aut
222 1379 366 1422 lacuna
397 1375 517 1416 inest.
579 1366 747 1411 Censuit
777 1361 940 1418 quidem
971 1357 1217 1406 Piitznerus,
1249 1351 1370 1407 signo
1402 1349 1608 1390 interrro-

129 1448 249 1508 gandi
284 1450 379 1503 post
416 1441 700 1497 oppositurum
746 1436 903 1475 inserto
952 1440 1114 1471 omnem
1160 1420 1402 1466 offensionis
1445 1428 1609 1458 causam

129 1521 239 1572 tolli3
272 1528 406 1572 neque
430 1519 564 1556 tamen
588 1507 798 1559 Orellium,
829 1503 898 1558 qui
928 1502 981 1542 ita
1008 1496 1145 1549 edidit,
1178 1491 1308 1537 secuti
1335 1492 1430 1531 sunt
1458 1497 1611 1528 recen·

132 1590 274 1635 tissimi
299 1588 513 1636 editorum,
547 1580 621 1624 sed
640 1590 761 1634 quam
781 1579 872 1616 ante
895 1572 966 1627 qui
988 1565 1213 1623 supplendo
1235 1562 1396 1617 addunt.
1438 1556 1615 1599 Pichena

133 1673 276 1706 rursus
307 1660 492 1711 inspecto
527 1651 684 1703 codice,
722 1652 766 1690 ut
794 1643 1031 1688 Waltherus
1062 1640 1211 1689 narrat,
1244 1630 1431 1676 mendum
1462 1628 1501 1669 in
1533 1637 1615 1668 vo-

137 1732 279 1777 cabulo
313 1742 429 1785 quem
461 1724 537 1768 sibi
568 1722 682 1763 visus
715 1713 1025 1772 deprehendere
1066 1705 1274 1762 evulgavit
1315 1714 1438 1757 quam
1458 1698 1618 1753 justius

139 1811 179 1848 et
208 1805 268 1847 sic
298 1805 393 1857 post
423 1809 514 1840 eum
547 1802 711 1843 omnes,
751 1788 871 1830 etiam
901 1782 1135 1832 Bekkerus,
1176 1771 1459 1818 excudendum
1492 1780 1617 1810 cura-

139 1878 296 1918 verunt..
365 1868 461 1912 Mihi
499 1874 686 1921 quoque,
724 1863 769 1901 ut
804 1856 921 1899 brevi
958 1849 1210 1908 praecidam,
1254 1846 1293 1886 in
1334 1855 1384 1884 eo
1415 1836 1618 1882 vocabulo

142 1944 265 1991 sedes
298 1937 555 1995 corruptelae
585 1932 746 1977 videtur
776 1940 894 1980 esse,
927 1925 1020 1980 quia
1050 1931 1184 1976 neque
1218 1910 1525 1961 exclamationis
1556 1912 1625 1949 aut

143 2011 477 2071 interrogationis
506 2008 571 2049 hic
596 2004 694 2047 satis
718 2005 851 2056 aptum
871 1998 1021 2048 locum,
1053 1993 1151 2034 etin
1183 1994 1262 2031 tam
1293 1991 1623 2027 nervosacom-

145 2087 354 2143 paratione
396 2077 635 2123 necessario
673 2068 940 2125 interroganti
981 2059 1254 2118 usurpandam
1299 2067 1445 2097 vocem
1490 2055 1627 2092 utrum

146 2155 381 2214 putaverim.
427 2146 642 2201 Quomodo
675 2147 807 2186 autem
840 2151 962 2194 quam
983 2140 1075 2178 ante
1104 2133 1173 2187 qui
1204 2126 1399 2171 excidere
1431 2120 1628 2178 potuerit,

149 2242 231 2272 non
262 2226 360 2270 satis
392 2220 609 2279 perspicio.
672 2215 773 2258 Nam
796 2212 831 2255 si
854 2209 920 2252 vel
940 2207 1030 2251 solo
1055 2199 1295 2258 compendio
1320 2210 1401 2252 .„q-,
1434 2204 1515 2248 quo
1547 2188 1632 2232 vult

150 2301 349 2351 Heraeus,
382 2296 592 2337 exaratum
625 2287 712 2340 fuit,
743 2282 890 2334 nuiluS,
923 2278 1082 2335 opinor,
1112 2271 1369 2316 librariorum
1397 2266 1500 2307 hanc
1531 2273 1630 2316 par-

153 2371 313 2414 ticulam
349 2363 714 2423 praetermissurus
752 2358 862 2405 erat,
905 2354 1117 2406 postquam
1159 2341 1280 2385 modo
1313 2332 1632 2391 comparativum

147 2443 305 2497 justius
336 2434 553 2493 expressit·
614 2431 752 2485 Itaque
784 2421 928 2480 legere
953 2419 1122 2472 malim:⁴

300 2536 346 2576 Si
377 2530 482 2589 quid
512 2526 677 2570 hostile
708 2522 893 2578 ingruat
925 2514 1079 2570 utique
1107 2509 1279 2566 justius
1311 2515 1435 2545 arma
1458 2498 1636 2556 opposi-

299 2610 449 2648 turum
482 2601 556 2657 qui
586 2596 729 2652 legati
762 2595 849 2634 etc.

279 2700 529 2752 Quamquam
560 2692 688 2735 libere
718 2687 854 2730 fateor
892 2679 1040 2725 nultius
1077 2688 1143 2718 me
1182 2671 1358 2728 exempli
1388 2666 1508 2720 huJus
1539 2672 1640 2717 par-

165 2770 312 2815 ticulae
353 2767 458 2825 apud
488 2756 670 2808 Taciturn
701 2756 947 2802 meminisse.
1014 2744 1253 2802 Corruptela
1296 2740 1421 2791 levis,
1468 2736 1643 2790 ejusque

1292 2813 1319 2854 2
