1920 3188
979 138 1269 182 ..30-

369 243 462 298 ipso
493 250 737 297 narrationis
769 268 1011 314 argumento
1052 271 1172 322 quasi
1211 277 1387 320 munitus
1426 280 1489 323 sit.
1548 284 1742 331 Nostrum
1775 304 1857 336 non
1919 296 1920 354 ξ

369 318 444 365 est,
476 322 913 382 quaestionem,-quae
943 332 1008 375 de*
1027 336 1150 382 Caele
1181 341 1362 390 Vibenna
1395 348 1530 406 deque
1562 358 1854 418 tempore‘est,

366 395 450 438 quo
480 386 649 433 Romam
681 398 853 452 venerit,
886 401 1070 455 pluribus
1100 417 1323 471 persequi3
1347 420 1611 476 relinquimus
1642 433 1731 472 eam
1762 445 1852 475 eum
1919 446 1920 504 j

364 453 517 500 Tacito.
561 459 735 505 Videant
764 468 840 509 viri
873 469 994 527 docti,
1027 482 1233 531 quomodo
1266 493 1432 533 veteres
1464 494 1688 550 scriptores
1719 499 1771 544 de
1803 513 1851 548 ea

361 536 407 565 re
439 525 719 585 discrepantes
751 536 857 582 inter
886 554 934 585 se
962 549 1184 596 conciliari
1203 565 1370 612 queant;
1414 575 1490 606 nos
1522 569 1622 610 satis
1653 569 1848 617 habemus
1919 584 1920 643 ᾗ

358 592 423 636 hic
464 610 697 651 provocare
739 608 789 649 ad
826 624 896 665 ea,
942 628 1047 669 quae
1087 620 1153 663 Fr.
1185 624 1389 690 jacobus,
1434 634 1497 676 vir
1540 637 1846 699 celeberrimuS‚
1919 647 1920 715 ᾗ

357 668 533 724 egregie
579 673 695 717 etiam
728 685 869 724 contra
899 683 1164 735 Niebuhrium
1208 701 1248 739 et
1279 698 1325 744 0.
1359 702 1598 750 Muellerum
1623 710 1689 764 ,de
1722 713 1844 758 Caele
1919 725 1920 780 ᾗ

354 734 550 793 Vibenna,
582 746 719 799 gentis
749 749 950 796 Etruscae
982 757 1100 813 duce,
1132 762 1360 820 disputavit.
1405 772 1459 815 At
1501 775 1541 817 id
1573 778 1735 833 quidem
1760 796 1840 828 non
1919 781 1920 833 ἰ

352 807 491 861 capio,
523 812 632 856 unde
663 815 841 865 Orellius
873 828 951 868 tam
984 835 1098 874 certo
1130 844 1381 891 compertum
1412 843 1633 902 habuerit‚'
1659 852 1837 898 Tacitum

349 875 413 918 hic
443 891 526 922 non
558 887 695 939 gentis
728 890 900 948 aliquus
935 910 989 939 ex
1019 899 1190 946 Etrusca
1223 907 1397 966 civitate,
1436 914 1510 958 sed
1542 920 1665 965 totius
1698 926 1836 970 natio-

346 946 409 989 nis
439 948 639 999 Etruscae
673 958 824 1004 ducem
865 964 1134 1016 intellexisse.
1202 976 1266 1021 Ex
1297 994 1369 1036 eo,
1403 986 1569 1043 opinor,
1609 1002 1833 1050 auguratus

345 1021 428 1071 est,
460 1023 571 1075 quod
600 1025 741 1082 Lipsio
773 1039 943 1079 auctore
972 1044 1292 1097 praejudicatum
1325 1053 1363 1094 ei
1393 1055 1488 1111 fuit,
1527 1063 1730 1107 auoet'liu'm
1760 1069 1831 1110 m-

342 1085 458 1130 [isset
496 1105 634 1137 veram
680 1111 777 1143 esse
819 1103 1036 1152 lectionem
1073 1115 1162 1158 sine
1207 1119 1285 1163 ulla
1318 1130 1614 1175 controversia.
1678 1136 1827 1182 Verum

396 1158 404 1167 '
1058 1183 1181 1240 inque
1214 1202 1270 1233 ea>
1295 1198 1537 1247 quaestione
1565 1205 1693 1248 cardo
1725 1222 1826 1252 ver-

336 1228 433 1271 titur
464 1235 588 1277 totius
620 1240 693 1282 rei.
756 1244 932 1300 Etenim,
964 1257 1008 1294 ut
1038 1254 1117 1297 hoc
1147 1271 1516 1324 praemoneamus,
1557 1281 1697 1329 aperte
1728 1278 1824 1323 facit

336 1297 501 1345 Tacitus
533 1319 624 1350 eum
649 1310 833 1367 Claudio,
866 1320 934 1372 qui
965 1322 1005 1364 in
1033 1327 1219 1372 oratione
1249 1346 1326 1387 pro
1353 1336 1477 1382 Gallis
1498 1341 1686 1389 Servium
1718 1349 1820 1392 Tul-

330 1367 426 1411 lium
458 1385 549 1416 cum
582 1377 704 1422 Caele
736 1382 920 1431 Vibenna
961 1392 1015 1435 ait
1052 1399 1178 1441 varia
1208 1402 1393 1456 fortuna
1435 1419 1629 1457 exactum
1659 1417 1817 1464 Etruria

329 1444 579 1488 excessisse.
654 1450 773 1499 Quod
804 1468 827 1498 a
860 1457 1072 1507 Walthero
1105 1473 1147 1510 et
1182 1470 1341 1518 Jacob'o

326 1512 501 1555 sentitur
521 1515 905 1582 Bezzenbergerus‚
938 1521 991 1574 ita
1023 1534 1198 1582 dilucide
1224 1556 1334 1601 expo

323 1579 470 1625 minem
502 1587 674 1640 posthac
705 1600 871 1647 putares
905 1600 956 1643 de
976 1607 1128 1650 auxilio
1152 1624 1174 1652 a
1198 1611 1329 1667 Vihen

320 1647 371 1691 Et
401 1655 535 1698 tamen
557 1656 832 1715 Nipperdeius
858 1674 898 1711 et
924 1670 1103 1720 Halmius
1136 1694 1226 1724 cum
1257 1699 1285 1728 a

317 1720 405 1763 sius
436 1723 636 1772 Faernum
678 1741 846 1780 secutus
891 1755 982 1784 cum
1022 1751 1227 1795 auoeilium

1353 1508 1364 1529 ‚
1408 1481 1554 1534 quibus
1579 1485 1621 1527 in
1652 1500 1703 1530 eo
1736 1491 1814 1532 ad-

1336 1548 1457 1593 situm
1488 1553 1624 1610 video,
1657 1563 1700 1601 ut
1730 1573 1812 1604 ne-

1332 1630 1381 1660 na
1412 1620 1493 1664 lato
1526 1627 1806 1683 cogitaturum.

1287 1689 1460 1734 amilium
1491 1694 1661 1752 tulisset,
1693 1702 1806 1747 Haa-

1267 1761 1506 1812 appellatus
1534 1768 1695 1813 tulisset
1723 1786 1804 1816 nu-

1085 1849 1097 1860 -.
1166 1822 1360 1871 Nimirum
1399 1831 1544 1890 inopes
1583 1846 1678 1883 sunt
1710 1844 1802 1887 edi-

415 2216 505 2261 Jam
538 2236 641 2267 vero
675 2228 908 2288 videamus,
941 2252 1045 2294 quae
1075 2246 1179 2290 ratio
1211 2249 1386 2298 ineunda
1417 2259 1486 2311 sit,
1531 2268 1574 2306 ut
1603 2279 1784 2325 prospe-

294 2283 406 2329 riore
438 2291 600 2337 tandem
633 2306 783 2344 eventu
816 2304 1022 2364 indagatio
1054 2321 1193 2361 nostra
1226 2321 1394 2370 fruatur.
1466 2330 1518 2375 Et
1548 2336 1652 2381 viam
1685 2343 1781 2395 qui-

293 2353 383 2398 dem
424 2359 657 2409 inveniendi
698 2373 785 2415 veri
825 2376 885 2418 sic
923 2389 1253 2434 monstraverunt
1290 2394 1550 2446 Jacobus'et
1588 2403 1778 2455 Bezzen-

290 2424 521 2486 bergerus,
569 2442 612 2479 ut
643 2440 683 2481 id
726 2444 858 2489 solum
899 2448 1117 2497 dolendum
1159 2460 1223 2513 sit,
1249 2458 1374 2517 'quod
1412 2470 1568 2527 ingenii
1605 2490 1774 2525 acumen

286 2494 490 2543 fortunam
522 2517 603 2548 non
635 2509 773 2556 habuit
804 2519 1018 2575 comitem,
1063 2533 1175 2570 certe

1214 2535 1399 2580 meritum
1432 2541 1482 2584 iis
1513 2555 1693 2605 maneat,
1737 2555 1772 2596 si

283 2567 375 2620 quis
415 2578 512 2625 post
550 2576 644 2622 illos
686 2595 829 2629 verum
872 2589 1031 2635 viderit.
1121 2599 1223 2643 Nam
1264 2607 1436 2659 primum
1479 2615 1611 2660 codici
1649 2621 1769 2666 fldem

280 2648 395 2683 suam
425 2642 756 2708 vindicaverunt,
788 2661 1042 2714 appellatum
1072 2680 1100 2711 n

1102 2681 1155 2712 ou
1186 2671 1351 2720 foedam
1381 2680 1513 2728 labem
1545 2700 1601 2732 ex
1631 2689 1767 2737 teme-

278 2710 384 2755 raria
422 2718 667 2770 repetitione
697 2731 983 2780 praecedentis
1027 2741 1141 2784 verbi
1180 2747 1467 2800 appellitatum
1499 2763 1627 2803 ortam
1659 2775 1763 2807 cen-
