1920 3188
736 150 1030 192 -65-

138 278 207 332 pit
234 279 281 319 ut
310 279 551 335 compendio
593 285 826 336 corruptum
865 284 929 322 est
949 279 1007 321 'in
1028 280 1289 333 μ’ναηψὶτηι,
1328 279 1436 321 unde
1471 279 1622 321 factum

138 349 387 424 promptius.

260 464 367 508 Ann.
398 465 514 518 XIV,
545 467 604 510 26
649 481 832 523 quosque
861 468 983 509 nobis
1013 467 1067 508 ab
1099 431 1151 507 7ρὲ
1184 465 1324 527 artinis
1355 471 1622 519 coqnoverat,

145 535 342 598 caedibus
372 541 413 579 et
439 526 641 580 incendiis
676 528 991 594 perpopulatus.
1065 537 1121 579 lta
1152 535 1206 579 M.
1237 535 1418 578 Halmius
1450 548 1623 577 aversos

144 608 304 668 animis.
332 607 480 650 Haud
520 609 607 650 scio
650 622 700 651 an
742 614 921 663 praestet
956 609 1121 665 legere:
1165 607 1339 661 abseqia
1380 607 1491 648 uinis
1528 606 1552 646 i.
1585 619 1622 647 e.

145 645 413 732 obsequio
441 678 593 731 fines
617 685 880 733 coqnooerat.

258 745 367 805 Arm.
399 747 513 799 XIV,
543 748 593 789 51
632 748 814 803 ffaqitia,
854 749 1063 791 adulteria
1093 779 1102 789 .
1136 726 1288 813 quippe
1322 747 1481 788 Caesar
1520 746 1626 787 duos

138 817 370 872 praetoriis
400 816 638 860 cohortibus
668 820 967 873 imposuerat.
990 818 1126 868 Quid?
1159 819 1193 861 si
1224 818 1429 874 legamus:
1461 816 1624 859 adul-

145 892 330 930 terans
361 892 437 939 (sc.
471 888 568 931 illud
597 890 825 944 imperium)
859 890 1010 944 quippe
1043 888 1198 930 Caesar
1229 892 1331 929 etc.?

260 957 367 1000 Ann.
388 958 501 1012 XIV,
523 959 590 1001 54.
628 959 761 1017 Lege:
792 965 980 1014 superest
1009 959 1082 1001 tibi
1112 959 1243 1001 robur
1265 964 1315 1004 et
1344 963 1405 999 tot
1428 971 1509 1012 per
1540 971 1625 1000 an-

144 1042 222 1089 nos
251 1043 375 1071 usus
404 1030 458 1071 in
485 1031 655 1085 fastiqii
677 1031 864 1085 reqimen
887 1042 981 1084 pro
992 1031 1167 1071 visum
1195 1029 1360 1084 fastiqii
1388 1042 1474 1083 req.
1525 1028 1624 1070 Fla-

144 1086 244 1155 gitat
279 1099 357 1141 hoc
399 1100 595 1141 sententia
635 1113 781 1157 magno
825 1100 1017 1142 clamore
1091 1100 1228 1142 Paullo
1270 1104 1366 1154 post
1409 1098 1623 1141 commode

145 1168 279 1224 leges:
315 1183 551 1223 possumus·
579 1172 764 1212 seniores
794 1170 917 1211 amici
948 1170 1081 1224 quiete
1122 1183 1205 1211 res
1228 1169 1494 1223 publicas
1518 1182 1624 1223 po-

146 1253 269 1281 nere
302 1245 396 1288 (res
421 1254 466 1294 p.
494 1253 654 1294 ponere
684 1241 825 1297 genuit
854 1253 1096 1295 responere,
1128 1230 1420 1294 respondere).

261 1308 368 1351 Ann.
409 1310 523 1362 XIV,
565 1311 628 1352 57.
703 1305 864 1352 Suadeo
902 1315 946 1352 ut
991 1304 1108 1365 legas
1144 1306 1361 1363 praesenti
1403 1310 1502 1362 foro
1547 1321 1623 1363 pro

141 1380 449 1434 praesentiora.
521 1379 667 1422 Melius
705 1379 785 1421 hoc
821 1380 869 1421 ad
908 1379 1004 1422 illud
1044 1384 1299 1434 utcunque
1331 1380 1473 1421 caveri
1504 1383 1545 1420 et
1574 1379 1625 1421 ad

147 1449 336 1507 Tigellini
366 1449 491 1495 malas
524 1452 633 1493 artes
657 1449 865 1505 ,quadrare
898 1450 1073 1503 videtur,
1103 1463 1220 1505 quam
1246 1451 1463 1505 'praesenti
1493 1462 1626 1504 opera

147 1521 213 1563 vel
244 1534 322 1575 ope
353 1520 417 1563 vel
450 1534 564 1563 cura.
624 1521 755 1563 Innuit
793 1526 947 1574 aulem,
988 1521 1156 1564 absente
1193 1521 1285 1564 foro
1326 1521 1406 1563 vim
1438 1519 1624 1562 infereu-

144 1590 237 1635 dam
268 1590 420 1634 Plauto.

263 1660 369 1703 Ann.
402 1661 494 1712 XV,
527 1661 589 1705 12.
641 1661 907 1704 Scribenduin
935 1660 1111 1703 videtur:
1145 1662 1259 1715 quod
1285 1662 1390 1703 illud
1420 1666 1459 1702 et
1488 1674 1626 1716 quan-

147 1737 231 1778 tum
261 1732 399 1783 decus,
430 1731 502 1773 ubi
524 1744 612 1785 par
634 1744 774 1773 eorum
804 1744 1025 1772 nurnero
1058 1737 1434 1785 capesseretur
1465 1744 1523 1774 sc.
1548 1730 1626 1773 de-

150 1813 235 1844 cus,
274 1801 332 1843 cf.
365 1802 432 1853 x1,
467 1801 521 1844 16
551 1801 701 1855 gentile
732 1801 858 1844 decus
888 1807 1133 1854 capesseret.

264 1883 370 1926 Anu.
402 1883 494 1935 XV,
523 1879 594 1925 '54
622 1883 849 1938 quibusque
878 1884 1038 1926 sistitur
1067 1884 1240 1938 sanquis
1264 1884 1460 1938 partie
1473 1884 1497 1926 b
1512 1896 1541 1926 a
1551 1888 1629 1938 τας

149 1956 318 1998 eundem
347 1954 556 1997 Milichum
585 1959 732 1995 monet.
806 1952 847 1995 ln
888 1959 1061 1996 mentem
1103 1955 1212 1996 venit
1242 1958 1310 1996 aut
1333 1968 1365 2009 p
1381 1968 1409 1997 a
1422 1968 1445 1996 r
1459 1960 1510 1996 et
1539 1966 1629 1996 em-

149 2032 265 2070 acte
295 2031 364 2068 aut
388 2040 420 2080 p
434 2040 486 2068 er
516 2039 578 2068 ar
590 2031 639 2066 te
651 2039 701 2083 m,
722 2038 787 2066 ex
800 2030 922 2067 acta
952 2026 1071 2069 eund.
1103 2025 1188 2069 Mil.
1220 2031 1368 2067 monet.

262 2106 369 2149 Ann.
401 2105 493 2158 XV,
524 2106 579 2148 35
612 2106 747 2149 scribe
779 2106 958 2149 fortiter:
987 2107 1032 2148 in
1062 2107 1187 2150 rebus
1216 2108 1338 2149 novis
1368 2119 1457 2150 esse
1478 2139 1487 2148 .
1510 2107 1630 2161 quin

149 2192 258 2220 eum
286 2178 488 2220 habere.
528 2177 628 2218 Nam
663 2177 933 2232 dittographia
965 2183 1030 2219 est
1059 2178 1220 2219 nobiles
1238 2191 1292 2218 ex
1313 2178 1433 2219 novis
1453 2190 1552 2219 esse.
1575 2202 1626 2209 -

148 2248 246 2291 item
279 2247 384 2301 XVI,
415 2247 442 2290 2
482 2260 535 2289 ex
563 2247 943 2291 missiszuisoribus
973 2247 1152 2291 fortasse
1184 2246 1424 2290 eliciendum
1455 2247 1630 2289 missis

150 2319 297 2369 urbe

264 2387 370 2430 Ann.
403 2387 495 2441 XV,
529 2388 593 2430 74.
654 2388 808 2437 Locum
838 2401 970 2443 paene
1006 2388 1298 2430 conclamatum
1328 2388 1380 2430 ita
1412 2388 1631 2431 restituere

148 2471 309 2509 conor:
342 2458 462 2510 Quod
493 2458 655 2515 quidem
687 2459 758 2501 ille
785 2458 1051 2511 decernebat,
1093 2463 1278 2513 tanquam
1298 2458 1476 2504 ,mortale
1507 2458 1630 2501 fasti-

147 2530 260 2589 gium
290 2541 470 2586 egresso
503 2533 543 2571 et
573 2530 877 2578 venerationem
907 2529 1113 2572 hominum
1140 2529 1299 2582 merito,
1331 2543 1486 2584 quum
1514 2530 1631 2573 huic

138 2595 255 2651 jam
299 2602 390 2651 (aut
434 2605 592 2648 tamen)
649 2601 712 2642 ad
756 2613 898 2642 omen
947 2600 1160 2654 funesti
1212 2601 1350 2643 exitus
1391 2605 1631 2643 verteretur.

147 2669 428 2727 Dittographia
467 2670 574 2712 enim
613 2670 752 2712 inesse
790 2671 830 2711 in
869 2670 959 2712 cod.
1003 2670 1140 2713 verbis
1184 2670 1285 2713 haec
1323 2670 1487 2713 videtur
1524 2671 1630 2713 ado

148 2752 240 2784 men
270 2754 299 2783 a
315 2741 380 2783 do
412 2740 504 2783 lum

1263 2812 1288 2852 5
