1920 3188
820 104 1111 145 -10—

214 232 332 274 vocis
363 232 639 275 accusativum
674 234 772 284 (nisi
795 234 929 276 solum
951 234 1133 286 itineris)
1167 234 1363 289 conjungi
1394 245 1535 288 posse,
1568 247 1702 289 neque

214 315 337 343 unum
370 303 534 355 quidem
566 303 794 356 exemplum
826 303 1000 345 ForcelL
1038 304 1174 344 attulit.
1246 304 1335 346 Alia
1373 304 1492 356 plane
1528 315 1597 344 res
1640 308 1704 344 est

214 372 255 413 in
285 371 425 414 verbis
450 385 690 426 properare
722 377 762 414 et
788 372 1005 426 festinare,
1038 386 1144 427 quae
1167 373 1441 415 accusativum
1474 379 1702 426 arcessunt,

215 443 309 496 quia
355 441 461 483 idem
501 442 639 483 valent
675 442 784 496 quod
816 455 1002 495 propere
1040 448 1081 484 et
1117 444 1270 497 festine
1310 456 1461 498 aqere,
1501 442 1702 497 quemad-

215 511 377 554 modum
412 518 565 555 curare
593 529 653 552 z
685 526 775 554 cum
808 526 913 555 cura
944 526 1081 568 aqere,
1115 519 1155 556 et
1186 527 1291 569 quae
1321 518 1414 557 sunt
1446 513 1603 555 similia.
1654 513 1704 555 Et

214 582 417 639 significat
443 582 523 625 hoc
548 583 803 636 vocabulum,
836 589 1026 638 quantum
1049 583 1143 635 vidi,
1174 584 1279 639 apud
1302 585 1480 626 Tacitum
1505 588 1703 626 constan-

214 658 302 695 ter:
340 654 571 707 proficisci,
616 654 710 695 loco
748 667 931 705 movere,
977 668 1030 695 ea:
1063 654 1149 696 alio
1188 656 1231 695 in
1271 654 1397 696 alium
1428 654 1564 696 locum
1596 667 1703 696 con-

216 724 409 775 tendere5
450 737 502 765 ne
538 723 603 766 illa
637 723 799 778 quidem
830 724 1037 766 locutione
1069 725 1283 767 trucidare
1309 729 1553 779 peryerent,
1597 737 1703 779 quae

217 799 281 834 est
311 794 410 834 Hist.
427 794 456 845 Ι,
480 793 552 846 40,
586 799 773 848 excepta.
806 794 856 835 cf.
890 800 1077 850 segetem
1108 795 1316 836 locorum:
1348 794 1452 836 Ann.
1475 795 1504 848 Ι,
1530 793 1599 836 27.
1631 794 1701 848 40,

215 862 284 905 41.
319 862 390 908 51.
433 864 480 916 ΙΙ,
513 864 582 905 25.
616 863 685 906 39.
730 865 793 917 ΠΙ,
824 864 896 908 45.
937 865 1003 917 Ν,
1036 864 1102 907 22.
1133 862 1207 907 47.
1241 864 1308 906 52.

333 934 423 977 Jam
445 947 562 987 vero,
593 936 628 976 si
649 935 697 976 ad
715 935 849 978 locum
871 934 1164 977 emendandum
1188 936 1444 989 accedamus,
1469 949 1604 991 neque
1620 950 1704 990 pe-

216 1010 367 1056 terent,
401 1005 740 1069 quodURitterus‚
772 1017 908 1059 neque
929 1010 1158 1059 pararent,
1191 1005 1300 1060 quod
1330 1005 1556 1061 Seyffertus
1582 1018 1700 1048 com-

216 1075 432 1126 mendavit,
465 1074 658 1117 sufficere
680 1081 720 1117 et
741 1077 839 1118 satis
862 1076 1072 1130 probabile
1094 1076 1306 1117 videbitur.
1351 1077 1508 1131 Quippe
1541 1082 1581 1118 et
1611 1082 1704 1118 ante

218 1145 583 1202 expostulaverant
624 1146 770 1205 milites
805 1151 844 1186 et
874 1145 1008 1186 medio
1038 1146 1078 1186 in
1110 1145 1293 1186 facinore
1319 1132 1452 1208 erant.
1516 1145 1702 1196 GraviuS,

216 1220 330 1270 puto,
361 1215 510 1257 vulnus
543 1217 701 1270 accepit
720 1217 939 1267 verborum
963 1220 1181 1257 contextus
1214 1220 1254 1257 et
1285 1216 1403 1258 altius
1436 1216 1703 1271 repetendum

217 1291 281 1328 est
310 1286 547 1328 remedium.
610 1287 744 1328 Testis
777 1292 840 1328 est
870 1286 1102 1341 corruptela
1130 1299 1157 1328 a
1178 1287 1278 1339 suis,
1312 1299 1432 1340 quam
1464 1299 1546 1343 ego
1580 1287 1703 1328 nolim

218 1357 384 1399 solvere
416 1358 456 1398 in
488 1370 542 1399 ac
570 1357 682 1408 suis,
724 1357 799 1398 sed
840 1358 977 1412 potius
1011 1370 1101 1399 cum
1137 1357 1249 1409 suis3
1295 1356 1408 1411 quod
1438 1357 1474 1398 si
1504 1356 1623 1413 lingis
1655 1356 1706 1398 σΐι

218 1428 412 1482 scriptum
433 1427 577 1480 fuisse,
610 1440 691 1469 non
716 1428 847 1469 minus
874 1427 994 1470 facile
1017 1428 1222 1482 corrumpi
1243 1427 1387 1482 potuit,
1420 1427 1513 1481 quia
1535 1432 1551 1467 t
1577 1439 1704 1481 prae-

218 1497 327 1539 cedit
364 1502 405 1539 et
448 1497 671 1539 affirmante
702 1497 865 1539 Baitero
908 1499 949 1539 in
979 1498 1054 1539 Ms.
1088 1511 1115 1539 a
1149 1503 1189 1539 et
1218 1512 1246 1539 u
1288 1498 1359 1538 vix
1391 1496 1567 1538 discerni
1598 1508 1703 1550 pos-

215 1573 320 1611 sunt.
390 1568 481 1610 Jam
511 1568 652 1620 habet,
696 1567 805 1610 unde
836 1567 1013 1622 pendeat
1048 1568 1333 1622 conjunctivus
1360 1571 1583 1621 peryerent
1616 1566 1703 1608 sive

215 1638 326 1692 quod
359 1650 410 1679 eo
444 1638 729 1680 dissimulatur.
806 1638 851 1679 Id
892 1642 1025 1679 autem
1057 1638 1189 1679 fuisse
1220 1638 1407 1679 crederet
1437 1637 1472 1678 si
1504 1637 1704 1678 statueri-

216 1721 329 1760 muS‚
370 1721 506 1762 neque
545 1708 718 1750 alienum
756 1721 778 1749 a
816 1708 1017 1749 sententia
1063 1707 1144 1749 loci
1183 1707 1263 1748 hoc
1305 1708 1474 1748 verbum
1506 1705 1704 1756 videatur,

215 1791 351 1832 neque
388 1777 732 1833 palaeographica
772 1778 875 1819 ratio
915 1782 1128 1832 repugnat.
1198 1777 1242 1817 ln
1272 1780 1461 1830 promptu
1502 1775 1607 1816 enim
1641 1779 1705 1815 est

216 1848 471 1891 confundere
501 1848 655 1889 litteras
688 1847 726 1888 D
759 1852 799 1889 et
831 1847 866 1888 G'
906 1847 957 1897 (d
986 1851 1027 1888 et
1055 1847 1101 1900 9)
1134 1845 1241 1887 unde
1275 1845 1442 1898 fastidii
1476 1848 1517 1885 et
1543 1844 1705 1897 fastiyii

215 1919 413 1973 frequens
443 1918 708 1973 permutatim
745 1931 769 1958 r
800 1922 933 1960 autem
966 1921 1006 1958 et
1031 1930 1062 1969 p
1097 1915 1145 1968 (Β
1181 1915 1230 1964 P)
1256 1914 1505 1967 ‘saepissime
1536 1914 1575 1954 in
1609 1912 1700 1954 cod.

216 1990 268 2033 M.
300 1988 614 2032 confunduntur.
648 1988 698 2030 cf.
721 1988 785 2030 111.
813 1987 868 2030 29
897 1987 1152 2043 fastidii'pr.
1182 1985 1357 2039 fastiyii.
1391 1984 1454 2035 ΙΙΙ,
1481 1983 1538 2025 54
1563 1996 1701 2038 prope

210 2061 388 2116 publica
418 2074 476 2115 pr.
496 2073 578 2114 pro
603 2073 649 2100 re
664 2059 852 2113 publica.
916 2058 998 2101 Sed
1031 2057 1081 2099 ad
1103 2069 1276 2099 cessura
1299 2056 1527 2110 subjectum
1558 2055 1704 2108 requi-

216 2132 319 2174 ritur
360 2131 483 2185 idque
535 2130 723 2172 existimo
773 2128 1043 2183 dittographia
1091 2127 1275 2182 syllabae
1317 2139 1369 2167 ra
1414 2129 1455 2166 et
1499 2124 1702 2166 vocabulo

217 2215 326 2258 quae
357 2202 593 2256 absorptum
625 2205 666 2242 et
696 2199 959 2255 depravatum
990 2209 1099 2241 esse.
1147 2197 1228 2239 Fac
1246 2196 1383 2253 igitur,
1414 2195 1456 2237 in
1480 2207 1531 2237 eo
1557 2207 1705 2238 exem-

216 2274 330 2329 plari,
363 2286 417 2315 ex
442 2285 524 2326 quo
552 2272 682 2313 nostri
707 2270 861 2312 codicis
893 2270 1093 2322 scriptura
1114 2267 1300 2317 manavit,
1333 2271 1543 2315 exaratum
1575 2265 1705 2308 fuisse

212 2344 382 2401 Junctim
406 2342 942 2397 cessuraraquaeperyerae'zt,
963 2343 1003 2381 et
1028 2351 1126 2381 vera
1148 2337 1285 2391 lecti0,
1306 2337 1341 2380 si
1365 2336 1504 2379 solvas
1528 2349 1701 2380 cessura

217 2428 357 2469 raqua
387 2414 620 2468 eperqer‘et‚
660 2412 779 2454 facile
813 2425 867 2453 ex
897 2411 1069 2453 vinculis
1101 2422 1148 2451 se
1180 2408 1390 2463 expediet3
1431 2419 1549 2461 quam
1582 2407 1704 2461 equi-

220 2485 312 2527 dem
354 2488 537 2539 (quoque
575 2496 649 2538 pro
684 2496 762 2536 que
802 2481 1007 2536 reposito,
1050 2484 1094 2521 ut
1133 2479 1221 2521 aliis
1251 2478 1355 2520 locis
1388 2490 1409 2518 a
1441 2477 1539 2518 viris
1572 2476 1702 2519 doctis

218 2556 369 2598 factum
403 2559 486 2604 est)
518 2554 621 2595 hanc
653 2565 749 2595 esse
782 2563 958 2595 censeo:

360 2626 406 2667 id
439 2625 598 2678 miles,
644 2625 829 2665 rationis
861 2624 1075 2678 ignarus,
1122 2631 1249 2660 omen
1291 2618 1603 2673 praesentium
1634 2629 1705 2659 ac-

361 2698 507 2752 cepit,
550 2706 649 2735 cum
685 2696 780 2736 suis
822 2693 1057 2736 laboribus
1094 2690 1395 2733 defectionem
1427 2687 1591 2730 sideris
1624 2686 1703 2729 ad-
