1920 3188
700 136 986 177 —21-

246 267 359 308 satis
386 265 555 307 credito
579 266 677 307 sine
699 258 860 308 fraude
884 265 1189 308 Germanicum
1219 267 1446 322 interisse,
1471 267 1589 324 quod

245 337 366 379 haud
409 339 556 378 minus
588 331 794 379 Tiberius
839 350 971 393 quam
1015 337 1116 378 Piso
1161 338 1376 380 abnuere.
1442 338 1588 381 Simul

245 406 398 464 populi
429 410 531 448 ante
565 409 728 448 curiam
761 419 897 448 voces
933 400 1254 461 audiebantur,
1289 412 1588 464 scripsissent

246 478 604 534 expostulantes,
630 490 712 519 non
736 480 1070 534 temperaturos
1100 478 1315 534 manibus,
1349 481 1387 520 si
1409 484 1585 536 patrum

247 550 499 593 sententias
534 550 774 590 evasisset.

648 700 785 751 Ann.
817 699 914 766 ΙΠ,
956 701 1035 751 16.

223 813 316 855 Ρ150
350 813 442 868 ipsc
475 813 551 856 sibi
583 817 754 855 mortem
787 812 999 855 conscivit.
1062 813 1152 863 Quo
1186 818 1421 870 comperto:

249 907 416 948 Caesar
446 908 561 948 flexo
594 910 633 947 in
668 909 937 948 maestitiam
970 920 1065 962 ore,
1105 920 1235 949 suam
1268 909 1474 949 invidiam
1507 908 1588 949 tali

245 980 388 1019 morte
431 979 680 1034 quaesitam
723 981 835 1034 aput
877 980 1083 1020 senatum
1127 1009 1136 1019 .
1174 1009 1183 1019 .
1219 1009 1229 1019 .
1265 1009 1275 1018 .
1307 978 1586 1037 xcrebrisque

246 1048 673 1104 interrogationibus
700 1050 908 1103 exquirit,
944 1035 1123 1103 qualem
1144 1050 1247 1090 Piso
1280 1049 1396 1090 diem
1431 1061 1588 1103 supre-

247 1130 363 1158 mum
389 1122 655 1174 noctemque
680 1120 924 1175 exegisset.
978 1121 1120 1176 Atque
1153 1119 1232 1160 illo
1265 1117 1483 1178 pleraque
1517 1130 1587 1159 sa-

247 1190 446 1242 pienter,
492 1188 712 1243 quaedam
756 1189 1052 1230 inconsultius
1085 1189 1393 1244 respondente
1426 1190 1587 1229 recitat

246 1256 477 1300 codicillos
520 1271 546 1299 a
586 1258 747 1300 Pisone
798 1259 839 1299 in
884 1258 1001 1300 hunc
1049 1256 1192 1300 ferme
1245 1257 1422 1299 modum
1467 1270 1586 1299 com-

245 1330 431 1383 positos.
1396 1338 1398 1340 ’

223 1421 424 1464 Lacunam
457 1422 549 1464 loco
582 1422 734 1475 inesse,
768 1435 1008 1478 quamquam
1039 1422 1077 1464 in
1110 1421 1200 1464 cod.
1235 1433 1307 1464 ms.
1341 1421 1447 1464 nulla
1477 1420 1587 1462 indi-

110 1496 196 1533 cata
230 1496 305 1543 est,
338 1497 378 1533 ct
408 1492 628 1547 praecipue
665 1494 755 1547 ejus
786 1505 936 1535 nomen
967 1493 1143 1547 requiri,
1185 1505 1305 1546 quem
1339 1493 1493 1533 Caesar
1521 1493 1588 1532 in-

108 1562 456 1616 terrogationibus
488 1562 648 1604 crebris
682 1563 798 1617 quasi
829 1563 1077 1616 exhauserit,
1109 1574 1229 1604 nemo
1261 1574 1344 1605 non
1375 1566 1589 1618 agnoscet.

106 1631 193 1672 Viri
236 1620 461 1673 doctissimi
499 1632 703 1685 Ritterus,
748 1632 949 1686 Orellius,
987 1633 1284 1687 Nipperdeius,
1327 1632 1507 1680 Halmius
1548 1635 1590 1672 et

106 1702 342 1757 nuperrime
372 1702 541 1745 Rothius
558 1703 602 1754 *)
645 1702 696 1745 (16
725 1703 887 1753 Marco
907 1703 988 1745 11110
1020 1703 1319 1759 cogitaverunt.
1348 1714 1350 1716 ·
1379 1701 1588 1751 Vixcre-

105 1772 289 1826 diderim,
324 1785 375 1815 eo
408 1773 498 1828 ipso
531 1772 610 1826 (116,
638 1785 718 1828 quo
751 1778 866 1829 pater
897 1773 1006 1815 domi
1036 1773 1230 1828 perfosso
1257 1773 1405 1829 jugulo
1437 1785 1588 1827 reper-

104 1847 168 1885 tus
202 1848 277 1895 est,
312 1843 448 1897 lilium,
480 1844 568 1886 sive
599 1844 761 1887 Marcus
793 1845 859 1886 ille
891 1844 980 1886 sive
1012 1844 1164 1899 Cnejus
1195 1843 1331 1896 fuerit,
1371 1843 1411 1885 in
1443 1847 1587 1886 senatu

106 1914 288 1956 adfuisse
319 1915 439 1957 solita
470 1915 651 1957 muneris
684 1915 819 1958 officia
851 1915 1105 1970 expleturum
1142 1919 1209 1957 aut
1241 1927 1264 1956 a
1299 1915 1482 1969 principe
1514 1926 1589 1957 ar-

108 1986 314 2027 cessitum.
389 1984 575 2042 Alterum
629 1986 757 2041 turpis
807 1985 1025 2028 socordiae
1069 1990 1109 2027 et
1152 1985 1277 2027 ferrei
1320 1985 1441 2027 animi
1470 1984 1588 2033 ,filios

105 2054 415 2107 adolescentes,
460 2056 629 2098 alterum
672 2055 882 2098 incallidae
927 2046 1181 2098 immanitatis
1226 2068 1319 2097 eum
1365 2055 1588 2109 principem

105 2130 313 2183 argueret,
344 2138 464 2181 quem
496 2125 593 2167 nihil
622 2138 754 2182 aeque
785 2125 1051 2178 actinvidiam
1085 2125 1246 2167 cavisse
1278 2129 1459 2176 constat*
1499 2124 1589 2173 Qua

104 2209 159 2238 re·
181 2201 392 2252 permotus
420 2202 460 2239 et
491 2198 680 2252 quoniam
711 2197 805 2250 mihi
829 2190 1030 2252 perSuasi,
1061 2197 1131 2238 vix
1155 2208 1236 2238 uno
1264 2195 1357 2238 loco
1382 2196 1422 2237 in
1445 2193 1588 2238 codice

105 2266 289 2311 lacunam
321 2266 574 2311 statuendam
607 2279 727 2320 esse,
767 2280 872 2322 quae
903 2279 985 2310 non
1017 2267 1137 2309 nimia
1168 2279 1266 2309 cura
1297 2266 1434 2321 potius
1465 2277 1585 2319 quam

104 2338 259 2380 incuria
287 2338 439 2380 librarii
471 2342 559 2380 orta
593 2338 661 2391 sit,
693 2337 804 2380 lubet
834 2338 1015 2379 virorum
1047 2336 1260 2388 doctorum
1287 2335 1443 2390 Judicio
1476 2346 1585 2376 con-

100 2409 299 2463 jecturam
330 2409 564 2464 permittere
595 2407 727 2461 talem,
760 2408 826 2450 cui
856 2407 1035 2450 fortasse
1062 2419 1115 2448 ex
1137 2397 1481 2462 palaeographica
1511 2416 1585 2447 ra-

104 2480 215 2523 tione
250 2479 425 2536 paullum
465 2478 826 2522 commendationis
870 2489 1132 2520 accessurum
1179 2476 1233 2519 sit
1277 2480 1342 2518 et·
1363 2488 1468 2531 quae
1509 2487 1585 2531 pro

106 2550 412 2603 emendatione,
444 2561 527 2591 non
558 2562 632 2604 pro
665 2550 944 2605 supplemento
976 2548 1184 2590 habeatur.

198 2751 236 2797 ²¹⁶)
262 2751 369 2786 Tacit.
395 2750 537 2794 Werke,
565 2747 720 2785 deutsch.
745 2747 777 2784 3.
796 2746 860 2784 Bd.
887 2746 921 2784 S.
941 2746 1021 2784 121.
