1920 3188
912 121 1204 164 -16-

433 251 532 292 Post
560 250 813 303 Rhenanum,
846 251 914 305 qui
936 251 1194 294 scribendum
1214 256 1432 295 censuerat
1451 256 1519 294 aut
1546 263 1599 293 ne
1629 251 1800 306 quando

318 326 386 363 aut
416 322 454 363 si
486 322 677 376 quando,
717 334 740 362 a
772 321 910 376 Lipsio
943 323 1038 364 inde
1069 322 1255 377 plerique
1286 323 1486 365 editorum
1519 335 1571 364 ne
1602 323 1801 375 omittunt,

318 392 553 446 nuperrime
586 404 677 433 cum
710 391 864 434 Orellio
897 393 1016 434 etiam
1047 392 1347 447 Nipperdeius,
1378 392 1582 446 Halmius,
1614 392 1800 435 HaasiuS.

317 463 381 505 Ac
412 468 546 505 tamen
567 462 841 505 Doederlinus
871 462 965 504 loco
1003 463 1158 505 mederi
1189 463 1401 507 studuerat
1419 465 1545 507 verba
1570 464 1630 506 sic
1660 469 1801 506 trans-

316 534 532 588 ponendo:
574 533 631 574 Et
660 533 949 576 Maroboduus
980 534 1142 587 quidem
1171 533 1401 577 Ravennae
1432 534 1618 587 habitus,
1649 547 1702 576 ne
1730 535 1797 576 in-

315 605 570 646 solescerent
600 603 750 657 Suevi;
780 605 818 645 si
849 604 1018 658 quando
1042 607 1118 655 (sc.
1146 604 1482 657 insolescerent),
1502 631 1551 638 —-
1573 605 1696 659 quasi
1725 618 1799 646 re-

318 676 483 716 diturus
523 675 568 715 in
609 686 781 728 reynum
827 673 1127 716 ostentabatur.
1214 674 1329 724 Quae
1375 674 1534 716 medela
1583 687 1674 716 cum
1718 686 1801 717 non

317 746 449 800 magis
480 744 648 798 probata
681 744 735 785 sit
752 744 850 785 viris
876 743 1021 797 doctis,
1053 756 1174 799 quam
1198 743 1531 801 Bezzenbergeri
1562 746 1801 801 conjectura

316 816 399 858 nisi
426 816 463 857 si
495 815 677 870 quando,
713 820 754 856 et
775 814 1104 858 Weissenbornii
1133 815 1230 856 inde
1257 817 1308 867 si,
1340 815 1477 858 licebit
1509 815 1645 858 denuo
1676 828 1802 858 scru-

316 887 413 940 tari,
445 898 527 940 quo
561 885 721 928 tandem
753 886 850 927 vitio
882 885 1003 927 lectio
1037 884 1192 927 codicis
1221 897 1273 927 ne
1303 886 1340 927 si
1370 887 1540 940 quando
1570 887 1741 929 laboret.

434 979 486 1021 Et
514 980 685 1034 primum
717 978 879 1033 quidem
914 978 1058 1021 mirum
1102 984 1185 1031 est,
1230 979 1341 1033 quod
1372 980 1534 1022 Tacitus
1571 980 1805 1035 neglexerit

317 1050 493 1101 referre,
525 1049 656 1103 qualis
688 1049 755 1090 illa
787 1049 1006 1090 ostentatio
1028 1048 1163 1100 fuerit,
1195 1048 1304 1090 unde
1328 1048 1453 1092 Suevi
1484 1054 1802 1106 cognoscerent,

317 1119 541 1161 rediturum
573 1130 669 1161 esse
695 1118 993 1160 Maroboduum
1023 1120 1064 1160 in
1095 1130 1282 1173 regnum,
1315 1119 1351 1160 si
1381 1119 1459 1173 ipsi
1489 1120 1800 1162 insolescerent.

316 1190 418 1231 Nam
451 1201 505 1230 ex
536 1201 612 1241 eo,
655 1188 764 1242 quod
795 1188 1017 1230 Ravennae
1055 1188 1215 1230 habitus
1252 1188 1277 1231 i.
1312 1201 1347 1230 e.
1381 1188 1569 1231 detentus
1600 1194 1684 1242 est,
1726 1190 1802 1231 alia

318 1260 453 1301 omnia
483 1260 619 1314 potius
651 1272 770 1313 quam
801 1259 972 1301 liberum
1003 1259 1158 1301 reditus
1189 1259 1395 1301 arbitrium
1428 1261 1620 1315 augurari
1650 1265 1804 1315 potue-

317 1336 422 1373 runt.
484 1330 644 1372 Deinde
676 1343 875 1385 quaenam
908 1334 971 1371 est
1006 1329 1073 1371 illa
1103 1330 1312 1371 honorata
1342 1328 1479 1383 sedes,
1512 1343 1631 1385 quam
1652 1329 1805 1373 Caesar

318 1401 597 1456 promiserat?
629 1401 693 1442 An
726 1401 914 1443 Tiberius
945 1401 1150 1454 promisso
1182 1411 1265 1440 non
1296 1400 1476 1453 steterit,
1509 1400 1584 1441 sed
1614 1405 1804 1454 tanquam

319 1471 520 1525 captivum
553 1470 722 1512 detinuit
753 1483 859 1523 eum,
892 1470 958 1513 cui
988 1470 1114 1526 longe
1146 1469 1261 1512 aliam
1292 1482 1406 1524 spem
1436 1470 1714 1525 praebuerat?
1751 1470 1805 1512 At

317 1541 416 1583 illud
447 1540 610 1595 quidem
641 1541 805 1583 Tacitus
849 1541 1012 1583 disertis
1054 1541 1193 1582 verbis
1235 1540 1342 1582 haud
1380 1540 1502 1582 dubie
1540 1541 1804 1595 narravisset,

317 1616 534 1666 postquam
565 1623 648 1653 non
678 1611 810 1667 piguit
840 1611 1014 1653 eundem
1045 1611 1219 1664 referre,
1250 1623 1369 1665 quam
1400 1611 1518 1667 regio
1550 1611 1684 1654 animo
1710 1611 1803 1654 Ma-

317 1681 531 1724 roboduus
561 1682 715 1724 litteras
748 1681 797 1723 ad
830 1681 1045 1724 Caesarem
1077 1681 1270 1724 dedisset.

435 1777 506 1819 His
537 1777 663 1833 igitur
692 1777 829 1819 causis
861 1776 1057 1829 adducor,
1089 1781 1133 1818 ut
1161 1776 1201 1818 in
1234 1780 1427 1832 corrupto
1459 1789 1511 1818 ne
1543 1789 1632 1819 eam
1654 1789 1803 1834 vocem

317 1847 447 1889 latere
489 1848 745 1899 existimem,
789 1860 894 1901 quae
936 1852 977 1888 et
1011 1848 1162 1902 justam
1195 1846 1424 1889 Suevorum
1465 1846 1723 1889 formidinem
1764 1853 1805 1889 et

319 1918 453 1960 soluta
484 1917 652 1960 Caesari
683 1918 884 1972 promissa
916 1921 1102 1960 testetur.
1165 1916 1431 1959 Scribendum
1462 1921 1618 1960 statuo:

459 2035 515 2077 Et
544 2035 854 2076 'Maroboduus
888 2035 1068 2091 quidem
1101 2035 1345 2078 Ravennae
1385 2033 1569 2076 habitus
1608 2046 1720 2088 reso,
1765 2037 1803 2077 si

461 2105 643 2161 quando
670 2105 1000 2147 insolescerent
1024 2107 1177 2159 Suevi,
1214 2106 1342 2161 quasi
1369 2104 1604 2146 rediturus
1636 2108 1677 2146 in
1704 2117 1805 2162 reg-

461 2187 564 2216 num
597 2176 923 2217 ostentabatur.

435 2292 485 2335 Et
515 2292 706 2336 facillima
744 2293 846 2336 haec
886 2293 1114 2336 emendatio
1149 2294 1186 2334 ei
1217 2292 1419 2336 videbitur
1450 2305 1571 2347 esse,
1611 2294 1679 2349 qui
1712 2307 1804 2337 me·-

317 2364 491 2416 minerit,
523 2364 677 2407 litteras
708 2378 737 2406 n
769 2370 810 2406 et
838 2378 883 2416 r,
926 2366 1104 2420 itemque
1135 2379 1157 2406 s
1188 2370 1229 2406 et
1258 2379 1290 2405 a:
1330 2365 1438 2407 haud
1479 2365 1606 2407 semel
1637 2366 1678 2407 in
1708 2378 1804 2408 mss.

319 2434 512 2476 confundi
520 2450 533 2486 3
566 2449 588 2476 s
617 2440 751 2477 autem
779 2440 871 2478 ante
896 2440 1136 2490 sequentem
1161 2435 1333 2478 eandem
1363 2436 1537 2478 litteram
1561 2436 1803 2490 saepissime

319 2505 539 2549 excidisse.
603 2506 667 2547 Ad
698 2506 947 2548 locutionem
979 2510 1019 2546 et
1041 2506 1282 2547 sententiam
1309 2506 1473 2547 confer:
1503 2505 1607 2547 Ann.
1629 2506 1714 2558 XII,
1735 2505 1803 2546 51.

318 2575 533 2628 (Zenobia,
567 2578 748 2631 conjunx
775 2575 1044 2627 Rhadamisti)
1078 2575 1256 2618 deducta
1280 2577 1339 2619 ad
1364 2576 1577 2619 Tiridaten
1608 2577 1806 2618 comiter-

318 2660 396 2700 que
427 2651 607 2700 excepta
638 2647 750 2688 cultu
780 2649 898 2702 reqio
928 2646 1075 2689 habita
1106 2652 1176 2688 est.
