1920 3188
655 124 940 171 ...29-

181 266 472 317 Hiatvulnusg
501 260 686 313 claudes,v
712 258 748 302 si
780 270 834 300 ex
854 256 1024 299 senatus
1054 254 1296 309 depromere
1325 248 1429 293 velis
1460 257 1544 289 vo·-

70 334 514 393 cem-‘cinemsquae
553 324 823 387 dittographia
857 321 970 370 'velut
1006 330 1177 367 cenatus
1215 326 1374 377 pot-erat
1404 317 1546 361 haberi

72 434 94 464 a
123 413 286 460 librario
304 408 498 462 :ideoque
529 402 688 459 expelli-
752 392 1018 451 Tuti‘us'hoc‚
1049 408 1169 451 quam
1201 394 1236 436 si
1268 405 1358 435 cum
1388 390 1545 433 Jacobo

73 495 112 532 et
141 483 297 528 Halmio
329 480 523 522 obsessus
553 473 713 517 inseris.
1274 455 1277 458 ⁴

214 574 360 619 Germ.
393 570 465 613 46.
498 562 579 611 nec
610 562 734 609 aliud
766 562 1016 606 infantibus
1046 585 1101 594 -
1137 557 1383 614 suffugium
1417 566 1551 610 quam

213 651 262 690 ut
291 649 333 688 in
367 642 520 699 aliquo
551 649 780 681 ramorum
810 645 934 677 nexu
967 632 1276 688 contegantur.

192 743 321 785 Recte
358 736 532 780 Haasius
569 737 664 789 post
705 732 846 785 aliquo
885 728 1069 772 lacunam
1108 729 1242 776 notat3
1285 734 1377 765 nam
1419 722 1556 761 certus

80 815 239 874 quidam
269 812 388 854 locus
419 809 472 852 sit
502 808 684 862 oportet,
723 800 835 858 quod
865 812 1010 843 senum
1040 793 1343 851 receptaculum
1375 788 1559 846 appella-

81 894 156 930 tur.
217 882 335 925 Haud
373 877 591 923 absurdum
622 874 746 917 fuerit
778 870 1003 927 suspicari,
1044 880 1193 909 cavam
1222 862 1387 918 aliquod
1416 861 1561 910 fuisse,

83 956 192 1014 quod
221 953 408 997 invenies
439 950 475 994 si
507 946 716 1003 expulsam
747 941 1064 1001 geminationem
1106 948 1236 994 ponas
1268 932 1449 990 syllabae
1482 942 1563 985 qao

85 1033 159 1081 (ex
189 1037 300 1082 qauo
339 1022 406 1064 vel
437 1025 565 1063 ortam
595 1017 663 1060 vel
694 1015 942 1070 suspectam)
983 1016 1023 1053 et
1061 1005 1311 1064 corrigendo
1350 1003 1563 1046 restituas:

88 1112 215 1155 quam
229 1101 275 1138 nt
295 1095 339 1136 in
372 1093 512 1147 aliquo
545 1101 651 1132 cavo
679 1098 892 1129 ramorum
921 1096 1033 1125 nexa
1066 1082 1352 1134 conteqantur.

226 1189 344 1231 Dial.
377 1186 433 1228 33
471 1185 585 1241 lege:
632 1182 716 1224 sed
759 1181 894 1236 longe
937 1177 1083 1232 magis
1127 1172 1345 1214 facultate
1385 1173 1433 1209 et
1473 1167 1567 1208 elo-

235 1259 414 1317 quentia
445 1251 670 1297 contineri
700 1262 830 1302 rem,
864 1260 947 1289 nec
977 1250 1051 1300 tu,
1086 1247 1216 1301 puto,
1251 1242 1424 1284 abnues
1457 1243 1540 1279 etc.

209 1354 460 1407 Quamquam
492 1348 603 1405 enim·
622 1341 998 1401 nuperrime'etiam
1021 1338 1206 1389 Rothius,
1237 1336 1301 1377 vir
1323 1331 1572 1375 clarissimus

96 1433 135 1469 et
165 1426 215 1468 de
247 1424 374 1467 Taciti
403 1421 517 1463 libris
549 1418 699 1473 optime
730 1414 897 1457 meritus
936 1416 1056 1465 atque
1094 1420 1202 1450 nunc
1232 1407 1365 1460 ipsum
1395 1411 1574 1451 merens,

96 1491 319 1553 Tyrwhittii
351 1490 674 1549 emendationem
706 1498 784 1528 usn
809 1481 1083 1537 eloquentiam
1109 1476 1301 1527 laudavit,
1332 1479 1466 1517 tamen
1494 1482 1575 1513 ve—

98 1578 194 1608 reor
222 1570 267 1607 ut
297 1576 346 1606 ea
375 1560 540 1617 probari
563 1557 708 1613 possit.
773 1542 1023 1606 Eloquentia
1053 1548 1239 1603 opposita
1272 1550 1336 1587 est
1364 1542 1577 1591 scientiae,

98 1642 142 1680 ut
170 1636 252 1693 arti
283 1620 471 1689 opposita
499 1623 697 1684 facultas.
766 1624 927 1666 Docent
957 1618 1191 1675 sequentia,
1229 1615 1375 1671 quibus
1400 1609 1579 1655 facultati

100 1708 178 1750 vim
210 1691 484 1762 eloquentiae,
515 1711 597 1741 non
627 1710 745 1739 usum
775 1692 977 1737 accedere
1005 1688 1184 1732 Messala
1216 1684 1435 1728 contendit.

641 1827 775 1876 Ann.
811 1821 902 1888 IV,
944 1823 1025 1871 65.

245 1940 393 1983 Haudv
416 1936 554 1980 fuerit
597 1932 844 1977 absurdum
883 1928 1067 1971 tradere
1112 1924 1312 1966 montem
1344 1930 1445 1961 eam
1477 1916 1587 1958 anti-

249 2014 403 2070 quitus
446 2003 856 2065 Querquetulanum
905 1996 1204 2057 cognomento
1247 1989 1420 2043 fuisse,
1470 1984 1589 2043 quod

249 2082 355 2124 talis
395 2081 539 2122 silvae
561 2076 803 2132 -frequens
834 2070 1145 2123 fecundusque
1185 2067 1307 2115 erat,
1341 2072 1442 2101 mox
1478 2057 1588 2097 Cae-

251 2154 358 2196 lium
392 2134 763 2208 appellitatum'a
795 2142 933 2185 Caele
957 2140 1176 2190 Vibenna‚
1210 2134 1288 2190 qui
1319 2131 1408 2173 dux
1440 2127 1590 2186 gentis

252 2225 473 2266 Etruscae
506 2230 605 2262 cum
636 2214 867 2259 auxilium
889 2208 1163 2266 appellatum
1180 2202 1398 2256 finiisset,
1432 2198 1593 2241 sedem

256 2308 355 2338 eam
389 2292 628 2348 acceperat
661 2301 688 2330 a
718 2285 959 2342 Tarquinio
990 2282 1167 2331 Prisco,
1215 2287 1297 2316 seu
1341 2272 1440 2328 quis
1474 2266 1593 2310 alius

257 2377 416 2424 regum
470 2351 617 2404 dedit:
675 2371 774 2402 nam
819 2356 1067 2409 scriptores
1113 2350 1156 2388 in
1205 2357 1258 2386 eo
1304 2340 1593 2384 dissentiunt.

262 2438 425 2480 Cetera
457 2446 540 2475 non
575 2431 790 2486 ambigua
820 2428 951 2478 sunt,
970 2445 972 2447 ·
992 2429 1185 2476 magnas
1218 2426 1299 2456 eas
1330 2413 1484 2468 copias
1514 2420 1598 2468 per

263 2509 396 2565 plana
438 2506 583 2546 etiam·
613 2514 666 2543 ac
701 2498 798 2541 foro
841 2495 1089 2552 propinqua
1124 2486 1437 2537 habitavisse,
1480 2478 1599 2522 unde

264 2580 459 2621 Tuscum
490 2576 630 2617 vicum
666 2583 690 2613 e
721 2566 944 2612 vocabulo
976 2563 1250 2606 advenarum
1281 2555 1460 2598 dietum.

241 2672 301 2716 Ita
332 2670 423 2714 cod.
455 2668 507 2711 Μ.
557 2666 703 2707 Totum
741 2658 943 2714 exscripsi
979 2656 1136 2707 locum,
1172 2656 1217 2695 ut
1255 2648 1385 2692 aditus
1417 2644 1469 2687 ad
1498 2653 1603 2697 pro-

127 2744 299 2787 bandam
331 2754 440 2796 eam,
480 2750 599 2795 quam
637 2734 829 2779 allaturus
862 2742 974 2783 sum,
1015 2723 1339 2770 emendationem
1369 2718 1534 2772 paratus
1565 2714 1607 2753 et
