1920 3188
855 109 1118 152 ...8-

245 238 441 283 Clementi
472 239 700 283 centurioni
731 239 878 283 milites
910 244 1004 283 ante
1028 239 1318 283 mandaverant
1346 239 1605 298 perferenda,
1638 253 1729 283 cum

244 310 295 352 ad
327 323 375 353 ea
406 311 614 354 arbitrium
646 315 813 354 senatus
835 316 876 353 et
898 311 1023 366 patris
1050 310 1305 364 obtenderet,
1338 311 1518 354 clamore
1548 311 1731 353 turbatur

244 381 606 436 expostulantium:
639 393 714 423 cur
743 381 927 423 venisset
956 381 1065 423 nulla
1096 380 1378 424 benefaciendi
1407 381 1605 424 licentia?

385 487 615 529 Tiberium
648 487 752 529 olim
794 488 973 528 nomine
1005 489 1198 544 Augusti
1244 486 1466 529 desideria
1496 486 1728 543 legionum

384 555 595 598 frustrari
626 558 835 599 solitum:
882 556 1066 598 easdem
1099 561 1222 598 artes
1253 558 1445 598 Drusum
1478 556 1729 597 rettulisse.

383 628 685 684 Nunquamne
715 626 813 668 nisi
844 624 907 668 ad
937 637 989 667 se
1019 627 1136 668 filios
1174 624 1446 668 familiarum
1477 625 1728 667 venturos?

360 732 418 773 lta
448 731 539 773 cod.
572 731 624 773 M.
656 758 712 764 —
743 743 1008 786 nunquamne
1039 731 1100 773 ad
1126 744 1171 774 se
1195 731 1278 773 nisi
1302 735 1489 787 tanquam
1520 730 1728 773 veriorem

241 803 459 846 lectionem
490 802 791 845 commendavit
820 802 1008 857 Lipsius3
1041 815 1173 857 eaque
1203 802 1373 856 posthac
1403 801 1528 859 vulgo
1560 806 1726 857 recepta

243 879 317 916 est.
395 874 496 915 Post
529 873 722 916 Wollium
760 872 888 915 Bekk.
931 872 1077 914 Walth.
1122 873 1378 915 recentiores
1420 872 1600 915 editores
1639 872 1728 915 fere

243 956 387 987 omnes
429 943 585 986 codicis
626 944 845 986 lectionem
884 943 1168 996 restituerunt,
1212 943 1346 985 varias
1382 943 1727 997 interpretationis

242 1015 329 1057 vias
369 1015 560 1070 ingressi.
637 1012 691 1055 At
727 1013 781 1055 nil
820 1013 1029 1068 proficitur
1071 1026 1204 1068 neque
1245 1013 1548 1069 transponendo
1590 1026 1726 1068 neque

241 1084 559 1139 interpretando,
608 1084 712 1133 Quid
745 1084 882 1125 enim?
915 1083 1061 1132 milites
1087 1083 1301 1126 credamus
1324 1083 1547 1140 flagitasse,
1578 1088 1622 1126 ut
1650 1096 1726 1139 pro

240 1155 330 1196 filiis
363 1154 604 1196 familiarum
639 1153 705 1196 alii
735 1153 877 1196 nescio
917 1153 986 1208 qui
1017 1152 1066 1196 ad
1099 1165 1147 1196 se
1174 1154 1399 1197 venirent?
1447 1153 1493 1196 ld
1523 1166 1625 1197 vero
1657 1154 1726 1197 ni-

240 1226 346 1268 miae
369 1225 650 1282 adrogantiae,
681 1225 762 1267 imo
785 1229 915 1268 tetrae
935 1225 1207 1280 impudentiae
1231 1225 1391 1278 fuisset,
1423 1225 1561 1267 Druso
1589 1238 1727 1268 coram

241 1301 310 1339 aut
340 1296 547 1352 principes
578 1296 693 1352 ipsos
725 1300 793 1339 aut
812 1296 926 1339 viros
959 1301 1090 1340 aetate
1121 1301 1162 1339 et
1192 1297 1365 1340 consilio
1397 1301 1579 1339 maturos
1611 1297 1729 1352 quasi

242 1380 500 1422 exposcere,
546 1367 724 1409 Drusum
765 1368 898 1422 ipsum
940 1372 984 1409 ut
1025 1368 1277 1410 immaturum
1322 1372 1364 1409 et
1404 1379 1487 1409 non
1525 1367 1588 1409 sui
1622 1366 1727 1423 juris

240 1451 412 1494 puerum
453 1450 545 1481 cum
583 1437 828 1481 contumelia
864 1450 1076 1493 spernere.
1150 1438 1232 1482 Sed
1271 1438 1478 1494 quomodo
1518 1438 1612 1480 loco
1644 1451 1726 1480 non

240 1509 388 1551 leviter
417 1512 627 1563 suspecto,
658 1521 822 1561 verum,
855 1508 891 1550 si
921 1508 1017 1562 quid
1047 1508 1191 1562 video,
1223 1514 1363 1564 aperte
1394 1513 1589 1564 corrupto
1620 1508 1726 1551 sub-

240 1578 519 1621 veniendum?
570 1578 818 1632 Lenissima,
858 1583 981 1633 puto,
1020 1578 1232 1622 medicina.
1296 1580 1531 1629 Queruntur
1565 1579 1725 1631 milites,

241 1648 353 1704 quod
391 1648 461 1690 filii
491 1647 735 1690 familiarum
777 1649 942 1690 nomine
980 1648 1237 1703 imperatoris
1277 1649 1391 1703 ipsos
1429 1648 1616 1691 frustrari
1647 1660 1725 1691 so-

239 1720 359 1761 leant.
425 1717 530 1768 Quid
560 1718 601 1760 ni
631 1717 755 1774 igitur
785 1718 1032 1761 scribamus:

380 1812 677 1868 Nunquamne
716 1810 816 1853 vice
866 1813 943 1864 (sc.
987 1811 1265 1866 imperatoris)
1316 1813 1371 1856 ad
1408 1825 1461 1855 se
1503 1813 1619 1855 filios
1658 1810 1724 1853 fa-

382 1881 604 1924 miliarum
633 1881 888 1924 venturos?

358 1974 426 2017 Sic
457 1974 618 2018 demum
649 1980 830 2030 apparet,
863 1988 937 2018 cur
959 1976 1064 2019 filios
1091 1976 1345 2031 potissimum
1376 1975 1614 2019 familiarum
1645 1989 1723 2031 ap-

238 2045 502 2101 pellaverint;
547 2045 734 2087 nimirum
780 2050 824 2087 ut
867 2046 1013 2100 quibus
1054 2046 1243 2089 facillime
1287 2046 1523 2089 deferantur
1566 2050 1724 2102 patrum

238 2116 365 2159 vices.
429 2114 556 2159 Simili
585 2116 703 2158 vocis
734 2115 1033 2171 significatione
1065 2117 1227 2159 Tacitus
1258 2115 1455 2169 Ann.1V‚
1480 2116 1509 2158 8
1540 2115 1723 2169 scripsit:

238 2190 421 2228 vestram
450 2197 663 2240 meamque
692 2186 824 2227 vicem
849 2186 1023 2241 explete.
1083 2186 1307 2229 Mutatione
1338 2190 1472 2229 autem
1501 2185 1724 2228 litterarum

237 2271 265 2299 u
287 2261 329 2299 et
348 2270 377 2298 n
407 2255 504 2298 nihil
534 2256 576 2298 in
606 2267 703 2300 mss.
728 2256 1004 2312 frequentius3
1037 2262 1078 2300 et
1108 2256 1412 2301 confunduntur
1440 2257 1558 2299 etiam
1589 2257 1723 2300 inter-

237 2327 331 2370 dum
361 2327 520 2369 litterae
553 2339 576 2368 c
608 2331 648 2368 et
675 2340 715 2378 s,
747 2326 798 2368 de
829 2339 911 2381 quo
942 2326 1036 2370 vide
1066 2328 1163 2371 Her.
1197 2327 1304 2370 stud.
1337 2327 1423 2370 crit.
1455 2340 1493 2382 p.
1514 2325 1610 2371 100.

353 2396 470 2440 Alius
503 2408 625 2451 supra
655 2396 788 2450 locus,
821 2410 943 2453 quem
972 2399 1179 2451 praeterii,
1211 2397 1354 2440 eadem
1375 2398 1536 2440 ratione
1566 2397 1616 2440 ad
1648 2411 1722 2440 sa—

237 2467 403 2510 nitatem
435 2467 624 2508 revocari
653 2471 800 2521 potest.
862 2467 1059 2523 Legimus
1091 2467 1196 2508 enim
1228 2466 1330 2509 Ann.
1353 2468 1383 2520 1,
1415 2467 1464 2509 8:

378 2561 492 2602 Tum
536 2560 834 2603 consultatum
881 2561 936 2603 de
972 2561 1214 2603 honoribus
1256 2559 1452 2618 (Augusti
1492 2560 1718 2617 defuncti);

377 2643 432 2673 ex
471 2630 571 2688 quis
610 2633 798 2674 maxime
830 2633 1034 2690 insignes
1066 2630 1182 2686 visi,
1227 2635 1278 2674 ut
1306 2636 1440 2688 porta
1464 2633 1721 2689 triumphali

379 2701 621 2744 duceretur
651 2700 804 2757 funuS,
840 2700 1000 2745 Gallus
1030 2704 1229 2759 Asinius,
1262 2706 1312 2745 ut
1341 2703 1496 2761 legum
1526 2704 1719 2747 latarum
