1920 3188
915 126 1208 169 -12-

315 267 443 311 unum
473 254 604 309 (quod
635 255 792 310 recepit
819 255 1032 309 Orellius),
1064 267 1184 311 quam
1211 254 1347 298 Wolfii
1379 254 1557 311 denique
1588 261 1629 298 et
1658 255 1800 298 Ritteri

315 325 560 369 Romanum.
622 325 677 367 At
706 326 782 369 Ms.
813 328 933 369 habet
962 328 1183 379 hominum,
1217 327 1326 381 quod
1347 326 1520 369 Bachius
1544 331 1585 369 et
1604 326 1799 369 Doeder-

314 395 423 438 linus
467 395 710 451 defendunt,
758 397 810 440 de
851 396 1040 441 Caesaris
1084 403 1125 441 et
1166 398 1344 454 Augusti
1386 397 1496 441 cultu
1537 398 1798 453 explicantes.

317 467 474 516 Quibus
504 468 546 508 in
577 472 727 510 tantum
752 468 974 521 adsentior,
1005 473 1049 510 ut
1073 481 1155 511 non
1186 468 1308 511 modo
1341 467 1544 524 ejusmodi
1574 468 1798 524 genitivum

315 550 392 592 per
429 538 739 580 concinnitatem
780 539 977 581 orationis
1017 540 1141 581 acciri
1178 539 1409 581 sacerdotio
1441 538 1683 594 intelligam,
1714 538 1801 585 ised

317 608 437 649 etiam
474 621 566 649 cum
604 609 849 650 contumelia
888 614 928 650 et
964 608 1139 663 probro,
1177 608 1515 663 quemadmodum
1545 608 1660 650 victa
1689 608 1800 663 ripa,

314 678 515 733 prolatam
548 691 636 720 eam
667 678 878 720 notionem
909 678 1162 721 contendam.
1239 678 1321 722 Sed
1352 680 1404 721 ob
1436 679 1516 721 hoc
1545 679 1675 733 ipsum
1709 691 1799 721 cum

314 748 461 791 Halmii
492 749 729 803 conjectura
761 760 842 790 non
873 748 1068 801 sufficiat,
1101 748 1299 802 debebat,
1330 750 1409 791 nisi
1439 749 1581 802 fallor,
1613 760 1687 805 pro
1719 749 1800 790 ko·-

314 818 493 861 minibus
521 819 720 862 mortales
753 819 931 875 scriptor
962 819 1180 875 appellare.
1227 819 1416 863 Ceterum
1436 821 1613 862 Orellius
1639 819 1799 874 quidem

315 889 412 930 nihil
450 890 559 944 egit,
600 890 819 931 lectionem
861 889 1017 931 codicis
1059 889 1154 931 ideo
1192 901 1418 943 respuenS,
1461 890 1554 945 quia
1598 888 1649 931 ad
1690 902 1799 931 aram

314 958 510 1002 Ubiorum
541 958 609 1002 vel
628 959 757 1001 Roma
789 963 829 1001 et
845 958 1061 1015 Augustus
1092 959 1158 1002 vel
1189 960 1303 1002 solus
1327 959 1540 1015 Augustus
1572 960 1703 1002 cultus
1734 961 1800 1011 sit,

315 1042 397 1071 non
429 1030 549 1071 etiam
571 1030 617 1070 D.
640 1029 787 1071 Julius.
841 1030 942 1071 Nam
975 1030 1010 1070 si
1042 1029 1108 1071 vel
1139 1029 1253 1071 solus
1274 1030 1505 1086 Augustus,
1537 1029 1639 1072 alter
1666 1034 1800 1071 tamen

317 1112 371 1142 ex
400 1100 450 1141 iis
479 1099 715 1141 hominibus
752 1098 1027 1141 sacerdotium
1069 1100 1123 1140 ibi
1159 1099 1355 1151 habebat,
1400 1112 1572 1153 quorum
1603 1099 1800 1154 frequens

313 1170 355 1211 in
384 1169 607 1224 provinciis
633 1174 673 1211 et
694 1169 772 1210 sub
796 1168 1072 1210 dominatione
1091 1168 1366 1211 Romanorum
1398 1168 1530 1211 cultus
1562 1174 1671 1220 erat;
1703 1169 1799 1224 quin

315 1239 499 1283 divinare
530 1239 679 1281 licebat
697 1238 898 1292 Arminio,
929 1238 969 1280 id
1000 1239 1110 1293 quod
1134 1244 1279 1294 postea
1309 1239 1458 1281 factum
1491 1244 1569 1292 est,
1601 1244 1642 1281 et
1671 1239 1799 1281 Tibe-

313 1311 418 1353 rium
443 1314 483 1351 et
503 1313 728 1363 sequentes
757 1308 945 1350 dominos
971 1308 1201 1352 divinorum
1230 1308 1432 1352 honorum
1454 1309 1671 1365 participes
1693 1309 1797 1352 fore.

313 1381 467 1423 Verum
498 1379 751 1434 intercipitur
780 1379 989 1421 hominum
1019 1379 1291 1435 appellatione
1312 1381 1538 1424 sententiae
1569 1385 1689 1423 tenor
1719 1392 1799 1422 co-

314 1452 511 1509 gitatione
549 1463 722 1506 prorsus
761 1450 914 1505 aliena3
966 1450 1139 1493 clamant
1175 1450 1311 1505 potius
1357 1452 1491 1493 omnia
1533 1455 1575 1492 et
1616 1450 1799 1505 inprimis

312 1523 416 1564 haec
454 1522 664 1577 opposita:
709 1521 865 1562 coleret
902 1520 1092 1575 Segestes
1131 1544 1183 1550 —
1226 1521 1457 1563 Germanos
1492 1533 1705 1576 nunquam
1744 1547 1796 1552 —

314 1592 602 1635 dominationis
639 1592 727 1643 hic,
766 1603 849 1633 non
880 1591 983 1633 alius
1014 1591 1076 1632 rei
1108 1590 1420 1646 appellationem
1458 1590 1594 1633 locum
1631 1591 1797 1633 habere.

312 1664 371 1706 Ita
414 1663 575 1705 demum
618 1663 756 1704 victae
793 1662 907 1716 ripae
943 1660 1216 1715 respondetur
1253 1666 1293 1703 et
1329 1674 1436 1715 quae
1478 1665 1705 1715 sequuntur
1741 1685 1798 1692 —

312 1735 471 1790 virgae,
504 1744 691 1785 secures,
728 1737 827 1787 toga
856 1756 915 1762 —
944 1731 1207 1774 illustrantur.
1269 1731 1422 1773 Verum
1452 1732 1576 1787 igitur
1606 1731 1797 1786 suspica-

311 1809 395 1847 tum
427 1815 523 1846 esse
553 1801 745 1845 Haasium
777 1806 887 1856 puto,
927 1801 1005 1843 nisi
1036 1794 1146 1856 quod
1177 1801 1245 1843 ille
1276 1802 1484 1843 dominum
1516 1800 1644 1843 edens
1676 1801 1798 1855 paul-

311 1875 393 1917 lum
426 1874 656 1916 declinavit.
700 1871 942 1928 Legendum
975 1873 1052 1914 erit
1075 1873 1347 1923 dominorum,
1380 1876 1423 1912 ut
1453 1871 1586 1912 honos
1618 1871 1797 1912 muneris

311 1944 580 1988 sacerdotalis
612 1956 703 1986 cum
734 1955 811 1985 suo
845 1946 1050 1984 contemtu
1084 1955 1130 1983 ac
1154 1943 1318 1996 propria
1341 1940 1585 1982 contumelia
1610 1951 1798 1994 pronun-

313 2017 444 2058 cietur
474 2015 523 2058 ab
557 2026 623 2068 eo,
658 2014 725 2069 qui
756 2013 912 2055 animos
946 2011 995 2053 ad
1027 2012 1254 2054 libertatem
1287 2010 1565 2053 vindicandam
1596 2009 1796 2053 incitabat.

894 2164 1027 2214 Ann.
1055 2163 1096 2229 I,
1137 2165 1217 2214 65.

453 2274 518 2315 En
543 2274 690 2313 Varus
717 2274 760 2312 et
788 2270 1033 2326 eodemque
1056 2272 1220 2311 iterum
1245 2266 1341 2310 fato
1363 2268 1537 2309 vinctae
1566 2265 1794 2324 legiones!

429 2367 620 2409 Editores
653 2366 890 2408 alterutrum
920 2362 1178 2415 vocabulum,
1210 2365 1278 2404 aut
1308 2365 1348 2403 et
1378 2365 1445 2403 aut
1474 2372 1564 2415 que,
1596 2359 1794 2403 omittunt.

311 2439 362 2481 Et
397 2443 533 2480 tamen
572 2442 789 2490 utrumque
828 2434 1008 2490 speciem
1050 2433 1217 2490 genuini
1254 2430 1434 2486 praefert
1471 2435 1511 2471 et
1544 2431 1638 2486 jure
1678 2442 1797 2472 suum

311 2509 446 2551 locum
477 2509 622 2563 poscit.
698 2505 916 2556 Quomodo
961 2504 1067 2546 enim
1107 2502 1296 2544 librarius
1327 2514 1459 2556 paene
1492 2514 1545 2542 ex
1576 2500 1797 2542 continenti

311 2585 406 2635 post
437 2584 476 2620 et
506 2578 557 2620 ad
587 2590 703 2620 suum
735 2576 941 2618 arbitrium
975 2587 1052 2628 que
1082 2573 1276 2629 ingerere
1307 2572 1444 2614 verbis
1478 2571 1674 2626 potuerit,
1715 2582 1797 2612 non

312 2649 560 2705 intelligitur.
628 2645 903 2688 Doederlinus
942 2644 1105 2699 quidem
1141 2641 1447 2697 transponendo
1488 2646 1529 2683 et
1567 2645 1796 2683 structurae

313 2719 517 2762 consuluit
549 2722 589 2761 et
620 2717 947 2759 enunciationem
978 2715 1106 2770 ipsam
1150 2713 1322 2770 egregie
1353 2710 1508 2755 refecit.
1572 2711 1654 2755 Sed
1683 2716 1797 2754 recte
