1920 3188
719 119 1009 162 ...57-

132 250 237 308 potis
278 249 566 306 Epaminonda.
637 248 743 294 Dum
760 249 952 307 Appiani
991 249 1097 293 enim·
1135 262 1287 307 graeca
1327 250 1454 294 verba
1490 258 1613 294 eom-

135 321 331 378 parationi
361 320 536 374 adhibet,
562 321 795 376 periculum
824 321 1091 364 barbarorum
1123 332 1198 363 ore
1220 322 1324 364 male
1346 321 1613 377 conspicuum

134 391 413 434 transmutavit
442 392 482 433 in
513 391 623 434 latini
652 391 826 434 hominis
858 396 1100 435 consuetum
1134 391 1433 445 „sepulcrum.“
1487 391 1541 433 Ut
1567 393 1613 434 in

129 461 376 516 sepulcro
414 473 492 503 auo
528 462 824 514 inscriberent,
867 463 1010 518 petivit
1045 455 1368 517 Epaminondas:
1412 473 1532 514 sane3
1576 464 1612 504 si

130 535 294 589 praeter
312 530 541 587 Appianum
572 531 740 575 alterum
771 537 917 576 testem
947 533 1137 589 requiris,
1169 532 1297 574 habes
1328 530 1485 574 Aelian.
1509 544 1546 574 v.
1570 532 1609 574 h.

129 603 230 646 Xlll.
264 615 298 644 c.
328 601 386 644 42
425 599 677 659 ἐπιγράψαι
717 603 771 658 τῇ
806 602 942 660 στήλῃ
981 600 1053 646 ὅτι
1089 601 1149 660 μὴ
1186 600 1488 660 βουλομένους
1528 601 1612 653 Θη-

130 671 291 730 βαίους
310 677 388 715 etc.
413 693 470 706 -·
491 672 542 715 Et
562 676 695 715 tamen
711 673 815 716 hanc
833 674 1058 730 egregiam,
1078 672 1425 716 evidentissimam
1443 684 1491 714 ac
1513 684 1612 714 vere

130 743 362 799 palmariam
385 742 529 784 Halmii
561 743 884 786 emendationem
914 744 1008 798 quis
1032 742 1172 785 credat
1202 742 1408 797 hodieque
1437 742 1612 797 neglec-

130 818 208 857 tam
250 812 301 858 ab
339 811 583 866 editoribus,
626 812 798 857 necdum
836 818 1042 869 receptam
1081 814 1210 856 esse?
1272 812 1379 863 Quid
1421 811 1534 868 quod
1572 813 1613 854 in

129 883 277 929 Klotzii
306 883 410 927 adeo
441 883 541 926 Lex.
578 883 621 925 L.
661 884 703 926 L.
737 884 803 926 vel
839 888 933 927 ante
971 883 1077 927 hunc
1118 884 1250 938 ipsum
1288 896 1435 925 annum
1476 882 1613 925 denuo

129 954 343 1010 repetitum
387 953 502 998 vides
540 953 757 997 barbarum
787 953 905 997 illud:
944 954 1199 1009 periculum,
1244 953 1613 1010 Verurtheilungs-

131 1024 284 1067 decret.
356 1024 407 1067 Et
447 1025 487 1067 in
529 1024 708 1067 Eicherti
750 1026 869 1068 etiam
911 1026 1141 1081 nuperrima
1184 1025 1364 1068 editione
1407 1024 1471 1067 his
1513 1024 1613 1080 ipsis

130 1094 275 1138 diebus
306 1094 449 1138 eadem
481 1095 595 1139 olera
625 1096 813 1145 recocta!
852 1095 958 1139 Vera
988 1096 1173 1139 nimirum
1205 1100 1314 1149 sunt,
1345 1095 1443 1138 licet
1471 1107 1612 1151 pamm

124 1165 317 1221 J'ucunda,
349 1179 453 1220 quae
485 1158 743 1224 Spengelius,
775 1167 836 1209 vir
858 1179 949 1210 cum
977 1166 1216 1222 ceteroquin
1241 1160 1497 1209 clarissimus
1529 1170 1612 1209 tum

130 1236 293 1279 criticae
335 1237 432 1279 artis
476 1237 874 1294 experientissimus,
924 1237 1037 1279 hisce
1076 1234 1429 1290 monu1t“)„in
1472 1235 1611 1278 critica

129 1311 216 1350 arte
260 1307 493 1350 exercenda
538 1319 663 1364 saepe
703 1308 764 1362 fit,
809 1312 854 1350 ut
895 1307 973 1350 nisi
1019 1307 1178 1364 singula
1225 1306 1437 1362 scriptoris
1483 1306 1611 1349 verba

129 1389 275 1434 magna
305 1389 397 1420 cum
428 1389 526 1421 cura
557 1376 850 1433 expendantur,
882 1377 930 1420 ab
953 1377 1041 1420 aliis
1074 1378 1246 1434 egregie
1277 1377 1442 1419 inventa
1472 1377 1611 1434 negli-

129 1449 316 1505 gantur.“
368 1448 604 1505 Quanquam
635 1448 739 1492 haec
769 1448 837 1493 tali
867 1448 1141 1506 negligentiae
1171 1448 1316 1500 minus,
1349 1459 1469 1503 quam
1500 1446 1610 1490 obli-

129 1519 239 1562 vioni
270 1524 312 1562 et
334 1520 543 1563 securitati
572 1520 718 1577 inJ'uria
748 1519 974 1563 referenda
1001 1524 1075 1562 est.

244 1589 362 1633 Alter
390 1591 508 1634 locus
539 1595 604 1633 est
633 1591 821 1646 sequenti
851 1590 1004 1646 capite,
1045 1593 1111 1633 cui
1143 1595 1184 1633 et
1206 1589 1285 1645 ipsi
1315 1589 1461 1633 iterum
1491 1589 1610 1633 lacu-

129 1672 207 1703 nae
238 1661 401 1718 signum
430 1666 637 1716 apponunt
659 1660 853 1715 editores,
886 1661 1119 1704 criticorum
1138 1660 1303 1704 labores
1328 1659 1480 1704 frustra
1510 1672 1612 1703 con-

129 1731 274 1775 sulturi
304 1731 525 1775 accedunt:

213 1888 215 1890 Ι
269 1833 379 1873 Ann.
412 1830 522 1885 XIV,
555 1833 624 1873 60.
667 1830 770 1873 inde
803 1830 949 1872 crebri
979 1833 1172 1888 questus
1205 1834 1286 1880 (sc
1318 1830 1412 1885 quia
1443 1830 1611 1873 Octavia

269 1901 423 1958 conjux
460 1914 483 1944 a
518 1898 685 1944 Nerone
722 1901 763 1944 in
806 1900 1060 1958 Campaniam
1106 1900 1223 1957 pulsa
1268 1905 1379 1951 erat)
1427 1913 1508 1943 nec
1539 1913 1610 1942 oc-

270 1973 377 2015 culti
408 1985 490 2029 per
521 1972 735 2031 vulgum,
780 1974 852 2014 cui
885 1974 1025 2014 minor
1058 1974 1306 2029 sapientia,
1355 1985 1410 2014 ex
1442 1964 1611 2014 medio-

271 2044 434 2084 critate
464 2044 680 2099 pauciora
708 2042 913 2104 pericula
946 2047 1066 2086 sunt.
1107 2042 1182 2085 his
1213 2054 1464 2099 quanquam
1493 2042 1610 2084 Nero

268 2114 543 2169 poenitentia
589 2112 751 2170 flag-itii
805 2110 1043 2171 conjugem
1091 2112 1323 2155 revocavit
1371 2113 1609 2155 Octaviam.

270 2184 369 2225 exin
403 2182 510 2224 laeti
544 2182 812 2239 capitolium
849 2179 1072 2226 scandunt
1103 2186 1187 2225 ete.

246 2287 300 2331 At
330 2299 430 2331 vero
461 2300 546 2331 non
576 2288 798 2332 revocavit.
869 2289 983 2333 Pone
1014 2294 1237 2333 monstrum
1268 2288 1399 2332 fuisse
1429 2288 1609 2344 scriptu-

130 2372 202 2402 rae
233 2360 274 2403 in
305 2359 440 2415 aliquo
472 2360 638 2415 antiquo
669 2359 827 2413 codice,
861 2360 970 2416 quod
1001 2359 1286 2418 geminationis
1310 2359 1610 2416 expungendae

129 2430 308 2487 speciem
338 2429 589 2486 praebebat;
619 2430 722 2476 hanc
751 2430 861 2474 fere:

453 2527 706 2541 α--κκῆ

268 2543 864 2600 Hisq3uamamotatanquam
895 2543 1009 2583 Nero

222 2728 263 2775 ³¹⁸)
288 2728 392 2775 Spec.
419 2729 558 2766 emend.
585 2729 619 2765 in
645 2727 750 2765 Corn.
777 2728 857 2765 Tac.
882 2739 916 2774 p.
940 2728 974 2763 9.
