1920 3188
741 162 1026 206 -ffl-

142 293 355 337 tentiarum
375 292 553 337 medium
574 293 736 350 aliquod
761 295 999 347 membrum,
1032 304 1114 348 quo
1146 293 1331 336 oratione
1357 278 1625 335 vehementer

142 368 343 406 commota
371 364 517 407 ‘mulier
553 365 737 420 principi·
753 364 1063 420 exprobraverit
1100 363 1388 418 rempublicam
1420 374 1621 405 eversam.

144 433 346 490 Quidquid
375 435 616 490 tentaveris,
657 435 698 479 in
728 436 880 479 irritum
912 434 1049 489 cadet,
1090 434 1170 477 nisi
1200 433 1280 476 hoc
1309 433 1622 489 praesumseris.

141 503 254 547 Haec
282 517 366 560 ego
391 500 554 548 ‘mecum
585 511 626 549 et
656 507 709 549 ita
739 507 885 549 iterum
917 506 1080 561 inspexi
1110 505 1239 547 verba
1269 509 1462 559 corrupta
1494 509 1535 546 et
1565 504 1625 546 sic

142 574 345 618 conclusi:
382 588 550 619 manere
588 581 651 619 est
688 582 893 627 maneret;
935 575 1146 633 probabile
1185 574 1226 618 id
1266 587 1321 617 ex
1350 572 1625 630 praecedente

142 646 267 701 quod.
327 645 559 701 Reliquum:
601 648 920 702 nequesenatai;
967 658 1169 702 prospero
1211 645 1392 688 tortasse
1423 656 1625 687 successu

142 713 392 770 emendabis,
419 717 454 759 si
473 716 615 760 eadem
639 716 795 761 ratione
816 718 956 772 utaris,
987 730 1067 773 qua
1098 722 1159 761 tot
1188 716 1335 760 menda
1368 716 1408 758 in
1433 713 1551 758 codd.
1571 713 1623 756 M.

141 787 297 831 sublata
330 793 436 842 sunt,
467 788 680 831 commoda
710 788 867 831 scilicet
897 788 1097 831 divisione
1128 788 1423 831 vocabulorum
1441 786 1483 828 in
1502 797 1625 828 unum

141 856 420 902 conflatorum.
465 858 569 909 Quid
590 859 626 902 si
646 858 770 902 fuerit
788 873 817 901 a
837 872 961 915 eques
990 859 1190 902 senatus?
1219 858 1309 902 Jam
1340 856 1538 914 particula
1570 869 1626 898 an

142 934 290 984 sponte
320 942 373 972 ex
402 928 555 972 latebra
586 930 782 985 prosiluit.
832 930 959 980 Quam
992 935 1084 985 apte
1113 930 1217 972 haec
1246 925 1449 985 legantur,
1482 926 1595 969 vide:

281 1033 407 1089 Erqo
438 1032 690 1088 Epicharis
720 1034 880 1088 plura:
926 1040 971 1077 et
1002 1036 1154 1088 omnia
1180 1035 1413 1089 principis
1445 1031 1627 1076 scelera

283 1102 493 1165 orditur:
536 1117 602 1146 aa
635 1116 821 1163 eques,
864 1109 1123 1159 senatus,
1168 1103 1310 1162 quod
1353 1107 1624 1146 maneret:

282 1172 369 1216 sed
396 1175 631 1228 provisum
660 1187 851 1231 quonam
879 1173 1011 1217 modo
1049 1188 1222 1229 poenas
1254 1187 1442 1217 eversae
1471 1174 1624 1228 reipu-

282 1243 430 1285 blicae
462 1242 611 1286 daret.
675 1241 1005 1299 Accinqeretur
1034 1244 1165 1287 modo
1197 1249 1278 1288 etc.

258 1348 449 1403 Equitum
480 1353 521 1391 et
551 1354 787 1392 senatorum
820 1349 986 1392 ordines
1010 1349 1245 1393 iracundius
1271 1362 1320 1391 ac
1342 1348 1624 1391 vehementius

142 1419 377 1475 expostulat
406 1419 621 1463 mulier-in
652 1418 932 1463 foedissimam
965 1420 1200 1463 servitutem
1239 1424 1281 1462 et
1311 1420 1444 1462 omnia
1473 1418 1624 1476 flagitia

141 1502 164 1532 a
196 1490 379 1546 principe
419 1502 554 1546 usquc
591 1490 696 1534 adeo
735 1490 1001 1547 depravatos,
1043 1496 1088 1534 ut
1126 1490 1233 1534 nulla
1270 1502 1443 1547 prorsus
1481 1502 1624 1533 eorum

142 1560 338 1604 decorum
368 1574 416 1604 ac
446 1560 745 1617 praesidiorum
776 1562 1024 1618 reipublicae
1055 1561 1211 1618 reliqua
1232 1562 1285 1604 sit
1306 1562 1482 1617 species
1528 1560 1625 1602 Inde

142 1644 313 1675 eversae
342 1632 601 1686 reipublicae
631 1644 788 1687 poenas
819 1632 1017 1677 daturum.
1055 1657 1115 1663 —
1151 1633 1215 1675 De
1244 1646 1401 1689 genere
1429 1632 1515 1675 vitii
1545 1631 1622 1673 vid.

141 1701 352 1745 Heraeum·
375 1700 479 1745 stud.
514 1702 601 1744 crit.
634 1714 672 1758 p.
693 1701 767 1748 45.
798 1726 856 1733 —
886 1702 951 1745 Ad
982 1715 1067 1746 rem
1100 1702 1248 1746 confer
1275 1702 1361 1757 XII,
1383 1701 1460 1756 605
1490 1701 1626 1757 ibique

140 1773 408 1828 praesertim:
453 1773 633 1827 equimm
661 1772 946 1816 Romanorum
979 1775 1238 1828 praevalida
1267 1775 1439 1816 nentina
1467 1774 1627 1827 referre

139 1842 245 1885 nihil
273 1843 506 1906 attinuerit,
547 1855 639 1884 cam
672 1842 874 1886 Glaucam
904 1843 1154 1898 libertos,
1197 1857 1303 1900 quos
1331 1844 1395 1886 rei
1421 1843 1628 1898 familiari

135 1914 425 1968 praefecerat,
455 1913 666 1968 sibique
689 1919 739 1956 et
766 1915 979 1969 leqibas
1001 1915 1317 1970 adaequaverit.
1362 1914 1426 1956 De
1447 1914 1625 1956 Neronis

141 1982 303 2026 infamia
336 1988 376 2026 et
406 1984 694 2040 corrumpendi
715 1984 884 2027 ordines
905 1984 1040 2028 studio
1072 1984 1124 2027 cf.
1149 1985 1404 2041 potissimum
1430 1983 1534 2039 XIV,
1557 1982 1624 2025 15.

140 2052 313 2108 Equites
350 2067 442 2097 cum
472 2060 622 2098 senata
659 2055 779 2098 etiam
808 2055 914 2109 XIV,
946 2054 1018 2098 20.
1060 2056 1267 2112 conjuncti
1296 2055 1548 2111 appellantur
1576 2054 1626 2096 ab

141 2124 206 2179 iis,
238 2124 307 2180 qui
336 2136 560 2180 perversos
586 2125 739 2169 saeculi
760 2138 899 2170 mores
917 2126 1168 2182 queribunda
1200 2138 1306 2170 voce
1323 2125 1624 2182 perstringunt:

142 2208 199 2237 an
231 2197 354 2249 justa
393 2197 560 2251 aaqurii
602 2200 683 2249 (sc.
723 2202 939 2241 senatores
978 2210 1053 2241 seu
1090 2209 1289 2253 proceres
1319 2195 1548 2252 Romanos)
1589 2201 1628 2237 et

142 2266 336 2309 decurias
365 2268 545 2322 equitum
563 2268 790 2322 ,iudicandi
818 2282 967 2311 munus
992 2269 1257 2323 expleturos,
1288 2268 1328 2310 si
1355 2268 1522 2321 fractos
1550 2278 1625 2308 so-

140 2348 220 2378 nos
234 2341 276 2378 et
290 2336 549 2379 dulcedinem
563 2350 711 2380 vocum
719 2339 857 2392 perite
871 2338 1117 2381 audissent?
1127 2362 1186 2370 —
1208 2338 1397 2380 Ceterum
1416 2336 1627 2391 usurpavit

141 2406 306 2448 Tacitus
337 2407 532 2464 singulari
558 2407 764 2463 eques-de
802 2409 981 2463 equitum
1021 2409 1164 2451 ordine
1197 2408 1284 2449 aliis
1315 2418 1481 2462 quoque
1510 2407 1626 2450 locis.

141 2475 194 2519 cf.
231 2475 336 2520 Anu.
366 2476 397 2531 1,
434 2474 474 2519 7.
520 2477 679 2521 Romae
716 2490 839 2520 ruere
879 2479 926 2520 in
963 2479 1175 2521 servitiam
1217 2477 1428 2530 consules,
1465 2481 1627 2533 patres,

142 2560 312 2603 eques.
351 2547 455 2591 Anu.
475 2548 541 2601 IV,
563 2547 620 2591 74
651 2562 700 2595 eo
721 2550 780 2602 (in
803 2549 1077 2605 Campaniam)
1100 2550 1242 2592 venire
1258 2554 1422 2605 patres,
1454 2563 1627 2605 eques,

139 2631 296 2673 mayna
320 2631 428 2674 pars
452 2618 599 2673 plebis.
665 2619 715 2661 Et
744 2619 861 2662 locus
900 2619 949 2662 ad
986 2619 1089 2662 hanc
1128 2621 1259 2676 ipsam
1299 2620 1624 2677 conjurationem

141 2692 331 2742 spectans
360 2688 481 2732 habet
512 2689 597 2741 XV,
628 2688 687 2731 48
716 2695 956 2742 senatores,
988 2703 1166 2745 eques,
1197 2692 1326 2734 miles.

742 2786 808 2790 ’,-
817 2785 1018 2797 .„-⁴---—-„——·
