1920 3188
947 81 1238 135 —32-

341 214 459 258 quam
501 210 595 262 apte
632 210 881 259 cohaereant
921 221 1054 264 omnia
1095 227 1228 281 seque
1267 230 1440 276 invicem
1472 223 1674 296 illustrent
1704 244 1826 298 atque

337 275 589 323 confirment.
627 281 721 325 Dux
751 279 949 343 Vibenna,
982 293 1135 338 variam
1166 297 1208 340 in
1238 299 1634 352 Etruria-'fortunam
1667 320 1824 368 exper-

336 349 421 400 tus,
465 347 559 392 dein
601 361 778 399 exactus
813 357 996 416 Etruria,
1049 369 1270 415 comitatus
1295 376 1442 429 <peratis
1482 389 1583 422 suae
1624 382 1821 440 reliquiis,

334 418 436 459 exul
463 422 573 464 venit
603 423 772 470 Romam
805 434 846 472 et
873 432 1011 476 sedem
1042 439 1202 495 accipit
1229 449 1408 490 montem
1432 448 1820 514 Querquetulanum,

332 489 400 541 qui
430 496 576 544 postea
608 509 664 538 ex
695 500 786 554 ejus
819 504 984 547 nomine
1016 506 1179 554 Caelius
1212 517 1465 571 appellitatus
1497 523 1571 566 est.
1616 523 1819 571 Aduena*

328 570 421 600 rum
451 567 587 607 autem
617 580 796 623 maynae
826 575 976 628 copiae
1000 577 1136 623 Tusco
1163 582 1256 628 vico
1282 589 1524 634 vocabulum
1556 603 1816 659 suumattu—

327 627 472 673 lerunt.
535 635 637 684 Quis
667 651 858 697 unquam,
890 658 1062 713 quaeso,
1095 653 1314 700 crediderit
1344 660 1532 705 advenas
1555 664 1685 710 dictos
1718 678 1815 712 esse

326 699 487 757 Tacito,
520 706 589 759 qui
620 711 826 755 auxilium
854 715 1078 778 tulissent?
1440 729 1443 733 ’
1802 749 1804 751 ·

871 834 1005 887 Am.
1042 837 1134 907 1v,
1176 843 1257 893 69.

439 915 553 961 Titus
592 919 765 967 Sabinus
803 927 971 973 illustris
1009 946 1138 996 eques
1172 937 1406 1000 Romanus,
1452 943 1595 990 Latinii
1635 949 1806 1014 Latiaris

319 984 574 1044 aliorumque
615 1000 851 1040 senatorum
900 1000 1137 1048 detestanda
1183 1008 1328 1053 fraude
1370 1019 1537 1070 captus,
1580 1022 1804 1077 majestatis

316 1062 534 1101 accusatus
566 1065 606 1103 et
636 1063 676 1106 in
708 1078 916 1113 carcerem
948 1077 1100 1118 tractus
1134 1080 1208 1120 est.
1269 1077 1367 1125 Inde

455 1167 540 1194 non
575 1157 692 1200 alias
725 1166 872 1220 magis
905 1169 1037 1210 anxia
1070 1173 1116 1211 et
1145 1185 1314 1228 pavens
1347 1179 1523 1237 civitas,
1558 1196 1691 1242 eqens
1723 1189 1799 1232 ad-

452 1236 636 1270 versum
660 1234 913 1293 proximos3
946 1251 1245 1301 congressus,
1279 1250 1531 1309 conloquia,
1565 1261 1701 1300 notae
1731 1263 1797 1319 ig·-

449 1299 678 1355 notaeque
711 1315 847 1346 aures
880 1309 1029 1366 vitari3
1075 1315 1210 1357 etiam
1254 1322 1377 1362 muta
1417 1326 1551 1381 atque
1585 1329 1793 1387 inanima,

447 1369 621 1411 tectum
654 1375 700 1413 et
728 1377 930 1429 parietes
963 1382 1470 1442 circuinspectabantu1·.

422 1456 586 1503 Codicis
617 1462 740 1507 lectio
772 1475 914 1523 aperte
946 1481 1149 1531 corrupta.
1203 1480 1417 1527 Fluctuant
1446 1492 1579 1532 autem
1611 1491 1790 1538 virorum

302 1523 518 1571 doctorum
551 1534 768 1587 opiniones
800 1542 975 1589 necdum
1006 1559 1149 1589 verum
1180 1557 1387 1605 repertum
1411 1562 1486 1598 est.
1531 1559 1634 1603 Nam
1664 1564 1703 1605 in
1736 1578 1788 1607 eo

299 1593 555 1641 Waltherum
593 1609 709 1646 recte
746 1607 904 1652 vidisse
942 1614 1202 1672 arbitramur,
1245 1623 1355 1676 quod
1392 1624 1545 1671 habere
1581 1630 1676 1675 dicit
1712 1647 1787 1678 sua

298 1665 477 1718 epitheta
507 1671 710 1717 civitatem
743 1690 821 1720 nec
853 1686 1077 1728 convenire
1105 1688 1214 1731 bono
1245 1692 1360 1746 stilo,
1400 1701 1443 1738 ut
1473 1699 1621 1744 civitas
1651 1707 1786 1748 anxia

249 1785 251 1787 ι
295 1739 336 1775 et
366 1749 534 1789 pavens
574 1749 669 1796 post
717 1759 766 1789 se
813 1750 942 1794 trahat
987 1754 1180 1812 languida
1218 1760 1285 1804 illa
1324 1765 1468 1809 verba:
1491 1778 1494 1782 ·
1521 1782 1646 1825 eyens
1685 1775 1781 1819 adv.

285 1816 417 1857 prom.
479 1809 644 1856 Poterat
675 1815 838 1873 dicere,
882 1823 1025 1866 trahat
1062 1827 1190 1870 ullum
1219 1845 1371 1876 novum
1402 1839 1620 1891 epitheton.
1678 1845 1780 1904 Nam

290 1875 396 1918 hanc
440 1882 639 1926 rationem
684 1889 854 1932 variatio
898 1892 1143 1941 elocutionis
1187 1900 1327 1946 Tacito
1378 1915 1574 1954 consueta
1620 1913 1780 1959 videtur

287 1958 480 2004 poscere,
511 1958 556 1995 ut
586 1967 736 2001 novum
762 1964 991 2007 sententiae
1022 1971 1293 2023 exponendae
1318 1979 1543 2023 membrum
1564 1983 1778 2030 inducatur

286 2019 404 2070 quasi
440 2033 551 2065 novo
583 2024 739 2082 habitu,
772 2030 928 2087 forma,
961 2037 1116 2081 colore.
1178 2044 1315 2098 Atque
1340 2046 1380 2089 in
1411 2053 1624 2097 sententiis
1655 2056 1774 2099 simi-

284 2086 376 2130 liter
407 2096 646 2147 compositis
679 2111 768 2142 eam
800 2106 938 2147 notavi
965 2107 1117 2164 legem,
1149 2117 1193 2154 ut
1214 2126 1296 2156 non
1321 2118 1400 2160 nisi
1428 2122 1772 2170 substantivorum

282 2159 490 2213 excipiant
534 2164 821 2214 infinitivorum
869 2180 1212 2225 constructiones.
1268 2185 1321 2231 cf.
1354 2200 1390 2229 c.
1421 2189 1475 2235 10
1518 2206 1599 2248 quo
1638 2198 1771 2243 verba

280 2229 536 2286 acciderent,
565 2236 692 2292 fuya,
731 2245 937 2299 υαετίἰωῑ
982 2250 1119 2294 deseri
1148 2254 1324 2308 itinera,
1362 2259 1476 2312 fora.
1524 2264 1588 2318 vl,
1623 2266 1677 2309 17
1706 2271 1769 2313 ita

272 2300 412 2351 primo
445 2311 716 2352 concursatio
748 2318 789 2356 et
807 2327 970 2372 preces,
1004 2321 1100 2365 dein
1120 2328 1306 2381 strepere
1327 2334 1545 2384 praetoris
1569 2338 1764 2383 tribunal.

274 2367 415 2424 ltaque
445 2378 636 2432 suspicor
667 2389 735 2425 aut
1611 2421 1615 2424 ’
1684 2424 1686 2427 ’

414 2452 627 2512 Segnitt‘a
674 2463 922 2511 adversum
962 2476 1203 2525 proximos
1254 2487 1333 2525 aut
1383 2486 1617 2540 sapientia
1658 2492 1758 2537 adv.

412 2537 550 2578 prox.

386 2606 475 2652 Hoc
517 2614 649 2670 magis
689 2618 841 2676 placet,
890 2626 1218 2696 quandoquidem
1253 2647 1337 2679 non
1377 2638 1641 2696 vituperantis
1679 2649 1754 2711 sed

266 2688 357 2718 cum
385 2679 664 2737 indignatione
687 2693 946 2745 approbantis
966 2705 1060 2743 sunt
1078 2704 1228 2761 verba3
1260 2709 1439 2762 seynih'a
1461 2718 1594 2758 autem
1615 2718 1753 2762 vitium
