1920 3188
727 130 1013 174 ...67-

135 274 456 319 cumveniebant.
517 275 785 332 Respondent
819 274 925 317 inter
963 286 1010 317 se
1050 274 1215 318 collecti
1245 280 1400 330 primis
1429 288 1615 332 sequen-

134 346 230 388 tium
262 346 285 387 i.
320 359 355 388 e.
388 347 825 403 singulisffldispersisa
858 346 1047 392 locorum
1074 345 1424 401 qnanatcautis.

250 415 392 472 Ayrtc.
435 417 500 459 41.
574 418 709 474 Lege:
762 418 1105 472 comparantibus
1147 421 1308 459 cunctis
1352 423 1536 472 viqorem
1579 423 1619 460 et

136 491 412 529 constantiam
436 492 476 528 et
496 493 710 541 eoepertnm
734 487 855 529 bellis
874 493 1056 530 animum
1081 502 1173 530 cam
1197 487 1354 530 inertia
1386 491 1462 539 (sc.
1488 489 1617 544 Agri-

135 558 252 601 colae
284 560 445 608 coacta)
479 563 518 599 et
544 559 771 612 formidine
800 572 886 600 rer
898 572 975 600 um
1006 560 1052 608 (i.
1075 572 1110 600 e.
1143 559 1268 601 rebus
1300 559 1617 610 formidolosis).

253 628 386 670 Germ.
416 627 453 669 3.
514 627 617 670 Vide
647 638 697 671 an
727 640 801 683 pro
832 629 936 671 haec
975 642 1136 684 qnoque
1167 629 1386 686 legendum
1419 630 1487 672 sit:
1524 635 1622 672 sunt

134 698 222 742 iltis
249 712 406 742 saeva
436 711 638 754 quoque
667 703 869 742 carmina.

167 800 172 818 ,.
252 770 367 812 Dial.
397 770 463 810 27.
495 770 631 812 Verba
656 770 785 824 plane
814 769 957 812 mitior
988 777 1027 811 et
1056 783 1130 825 pro
1164 772 1367 826 corruptis
1399 770 1506 814 haud
1538 771 1619 813 du-

136 840 201 883 bie
232 844 326 883 sunt
355 830 562 892 habenda,
593 844 728 882 iratus
749 845 881 882 autem
907 841 1089 883 secundo
1112 841 1205 883 loco
1239 841 1508 898 dittographia
1542 847 1619 894 est,

139 912 266 967 priori
305 911 399 952 loco
438 911 543 953 idem
585 911 825 956 vocabulum
855 925 894 951 m
937 913 1097 953 attraxit
1128 926 1181 953 ex
1212 913 1290 954 fine
1322 913 1620 967 praecedentis.

139 982 332 1024 Fortasse
364 980 577 1023 commode
608 980 746 1037 legas:
779 994 932 1023 causas
962 981 1233 1037 eoeqnirtmns,
1267 996 1375 1038 quas
1394 988 1432 1026 te
1451 984 1620 1026 solitum

140 1057 326 1095 tractare
366 1052 513 1105 paullo
562 1056 658 1094 ante
695 1056 1034 1105 prompsisti,
1090 1065 1187 1093 non
1237 1058 1312 1096 ita
1361 1055 1620 1108 eloquentiae

141 1128 367 1180 temporum
396 1127 634 1164 nostrorum
663 1121 820 1173 iratus,
853 1126 1073 1176 antequam
1105 1128 1178 1164 etc.

257 1286 338 1330 Sed
371 1288 454 1342 Jam
495 1285 593 1328 satis
630 1297 848 1341 superque.
920 1286 1104 1328 Habeant
1143 1286 1244 1329 haec
1283 1301 1448 1343 quoque
1486 1293 1619 1343 optata

140 1359 269 1414 magis
302 1371 419 1413 quam
453 1357 651 1411 disputata
682 1356 884 1398 fortunam
917 1357 1072 1412 sociam
1105 1358 1395 1412 comitemque,
1427 1363 1470 1399 ut
1500 1360 1539 1399 in
1570 1359 1619 1401 iis

141 1428 507 1483 deprehendantur,
540 1440 644 1480 quae
677 1426 727 1468 ad
758 1426 1049 1468 restituendam
1081 1427 1187 1468 illius
1219 1428 1429 1482 scriptoris
1461 1441 1621 1470 manum

140 1499 308 1551 faciant,
340 1498 408 1552 qui
439 1509 537 1551 prae
568 1496 655 1538 aliis
687 1501 731 1538 ut
761 1496 1097 1538 immortalitatem
1131 1497 1328 1549 nominis,
1360 1498 1413 1539 ita
1445 1498 1621 1553 integri-

140 1574 261 1611 tatem
290 1568 485 1610 librorum
517 1566 676 1608 meruit.
1469 1559 1472 1562 ’

256 1638 319 1680 Ad
351 1636 664 1680 confirmandam
691 1641 825 1679 autem
859 1649 973 1689 eam,
1007 1649 1127 1691 quam
1159 1636 1209 1678 de
1242 1636 1344 1679 Ann.
1377 1637 1406 1689 1,
1438 1635 1495 1678 28
1526 1637 1623 1680 tuli-

140 1722 242 1762 mus,
275 1708 513 1750 sententiam
544 1708 679 1749 locum
709 1709 793 1748 non
826 1719 1046 1761 possumus
1076 1707 1141 1748 hic
1166 1720 1249 1750 non
1277 1707 1472 1763 adjicere,
1505 1721 1624 1763 quem

141 1781 228 1823 fors
266 1779 424 1821 interim
466 1778 627 1828 obtulit,
669 1778 821 1832 quique
860 1778 1034 1820 maxime
1072 1778 1111 1818 in
1155 1792 1242 1820 rem
1284 1791 1380 1821 esse
1424 1779 1622 1821 videatur.

141 1849 294 1892 Confer
330 1849 435 1890 enim
476 1848 591 1889 Caes.
626 1847 662 1888 b.
707 1860 741 1887 c.
775 1847 839 1898 111,
875 1846 940 1889 10.
982 1849 1087 1889 satis
1118 1861 1207 1890 esse
1235 1861 1392 1903 mayna
1421 1850 1625 1903 utrimque

142 1920 356 1962 commoda
386 1922 581 1972 accepta,
622 1930 728 1972 quae
767 1930 849 1970 pro
882 1918 1106 1971 disciplina
1137 1923 1178 1959 et
1199 1916 1443 1972 praeceptis
1472 1918 1625 1960 habere

135 1994 329 2044 possent,
360 1993 406 2030 ut
433 1988 669 2042 reliquos
699 2000 825 2029 casus
855 1988 1049 2029 timerent.

259 2060 309 2101 Et
338 2058 431 2100 vide
462 2071 567 2112 quae
597 2057 652 2100 ibi
695 2058 784 2100 aliis
828 2057 955 2100 allatis
994 2058 1194 2113 exemplis
1226 2064 1422 2101 consueta
1456 2058 1623 2115 sagaci-

142 2136 223 2173 tate
255 2130 306 2172 de
338 2128 414 2184 adj.
446 2129 625 2182 reliquo,
671 2123 797 2171 sensu
829 2128 1058 2171 futurorum
1089 2128 1379 2185 intelligendo,
1421 2128 1625 2170 adnotavit

142 2200 330 2253 Heldius,
374 2199 437 2241 vir
479 2199 630 2254 insigni
669 2198 789 2241 laude
820 2199 995 2252 florens,
1039 2200 1107 2254 qui
1140 2200 1233 2241 mihi
1264 2201 1304 2241 in
1336 2199 1475 2254 primis
1505 2204 1623 2254 grato

143 2273 293 2327 pioque
325 2270 457 2312 animo
489 2269 749 2312 venerandus
782 2274 880 2311 est.

260 2341 351 2391 Quo
384 2339 546 2395 quidem
577 2340 666 2382 viro
699 2345 740 2383 et
776 2340 1067 2394 humanissimo
1108 2344 1146 2381 et
1186 2339 1421 2382 doctissimo
1453 2339 1624 2382 honoris

145 2424 267 2455 causa
298 2411 503 2453 nominato
535 2423 582 2452 ac
614 2410 847 2453 verecunde
878 2411 1051 2452 salutato
1084 2410 1186 2451 hanc
1203 2411 1286 2465 Jam
1313 2409 1499 2464 opellam,
1530 2415 1625 2451 tan-

81 2525 84 2528 <
144 2496 263 2539 quam
294 2482 404 2524 bono
435 2480 655 2535 faustoque
687 2481 821 2523 omine
851 2469 1121 2535 proditur-‚am
1154 2480 1365 2522 benevolis
1397 2481 1626 2537 aequisque

141 2552 360 2611 judicibus
379 2550 631 2593 commendo.
