1920 3188
865 113 1154 159 ...62-

383 242 516 287 Lubet
540 244 624 301 jam
663 244 887 288 occasione
925 244 1056 291 semel
1096 244 1232 289 oblata
1266 244 1306 287 in
1341 241 1423 287 fine
1458 242 1579 299 baius
1617 242 1754 298 scrip÷

266 315 389 358 tionis
419 315 535 370 plura
567 316 708 370 etiam,
747 328 854 370 quae
884 320 1117 371 comparata
1148 315 1367 368 habebam,
1410 324 1603 369 promere
1633 317 1675 357 ot
1703 311 1754 355 ad

266 386 448 429 virorum
479 385 693 430 doctorum
724 385 922 442 judicium
962 386 1177 440 conferre3
1219 387 1274 430 ita
1311 390 1467 438 tamen,
1507 389 1553 428 ut
1586 388 1756 439 propter

266 457 433 500 chartae
467 458 680 514 angustias
719 462 787 500 aut
822 457 943 501 nullis
985 463 1054 502 aut
1094 457 1351 514 paucissimis
1390 454 1527 499 verbis
1564 454 1646 498 sint
1683 458 1754 503 tu*

267 527 400 572 tanda.

383 596 492 639 Ama.
512 597 548 650 1,
570 597 641 640 10.
673 598 873 642 Fortasse
896 598 1175 643 scribendum:
1206 599 1323 641 sine
1353 596 1539 640 taedio
1569 601 1610 639 et
1640 595 1756 642 Vedio·

266 666 470 710 Pollionis
511 668 660 720 luxus5
703 673 748 710 ut
781 668 987 724 *probrum
1033 669 1074 712 in
1118 670 1351 726 Augustum
1396 666 1545 715 cadere
1591 666 1754 722 liqueat.

266 737 397 795 Finge
427 739 621 794 scriptum
652 738 805 782 fuisse:
836 741 941 794 cjtce.

383 808 490 852 Ama.
516 809 553 862 I,
583 808 651 853 25.
697 810 887 865 quotiens
928 810 1075 854 oculos
1098 810 1158 852 ad
1185 809 1482 852 multitudinem
1511 807 1754 856 sedule-

266 884 403 922 rant.
453 879 591 937 Lege:
623 880 684 923 ad
710 880 1010 924 multitudinem
1041 885 1221 923 coetus
1254 877 1381 927 (σοι’)
1414 879 1608 921 tulerant.
1640 877 1701 922 Cf.
1724 877 1754 931 1,

270 948 336 992 17.
371 954 515 992 coctus
543 951 726 992 miscere.
789 950 883 992 Her.
916 964 953 1005 p.
991 949 1087 991 100.
1120 949 1211 992 adn.
1238 948 1307 991 64.

385 1018 493 1061 Arm.
521 1019 556 1071 Ι,
588 1019 656 1064 32.
691 1013 807 1074 qu'bd
832 1033 1097 1075 nunquam
1127 1019 1304 1073 disiecti,
1334 1018 1396 1059 nil
1419 1029 1654 1073 paucorum
1684 1017 1755 1059 in-

266 1089 431 1131 stinctu.
475 1088 534 1132 lta
565 1089 698 1132 malim
729 1102 805 1145 pro
837 1103 982 1146 neque.
1029 1089 1164 1133 Potuit
1193 1089 1273 1132 hoc
1305 1089 1404 1132 oriri
1435 1101 1490 1131 ex
1512 1087 1754 1144 compendio

266 1150 350 1213 nuc}
388 1161 413 1201 i.
448 1172 483 1201 e.
515 1173 739 1215 nunquam.

385 1228 492 1272 Ann.
528 1230 564 1282 Ι,
603 1230 671 1272 79.
722 1231 981 1285 spectandas
1030 1231 1151 1273 etiam
1192 1230 1416 1286 religiones
1458 1229 1753 1272 sociorum.

266 1300 482 1342 Praestare
512 1300 674 1343 videtur
709 1302 875 1358 legere:
919 1301 1146 1353 cultorum,
1177 1301 1203 1343 i.
1236 1313 1273 1343 e.
1317 1300 1477 1344 illorum
1515 1299 1584 1354 qui
1615 1310 1755 1342 amnes

267 1369 468 1412 accolunt.
533 1369 723 1419 Cultores
753 1371 860 1426 apud
890 1371 1072 1414 Tacitum
1102 1375 1199 1414 sunt
1226 1370 1439 1413 ruricolae
1483 1372 1596 1425 (opp.
1627 1369 1755 1424 oppi-

268 1440 407 1488 dani).
458 1439 567 1484 Ann.
600 1440 686 1494 XII,
718 1441 786 1483 55.
823 1442 907 1483 vim
941 1441 1172 1484 cultoribus
1201 1445 1242 1483 et
1270 1439 1499 1495 oppidanis
1528 1438 1755 1484 audebant.

269 1509 321 1552 cf.
345 1509 430 1564 XII,
456 1509 525 1552 61.
559 1509 695 1553 Germ.
728 1511 797 1554 28.
1558 1553 1561 1555 ,

387 1578 493 1622 Ama.
524 1579 608 1633 III,
637 1580 699 1622 11.
745 1580 962 1637 Suspicor,
1000 1585 1169 1636 propter
1205 1580 1408 1636 opinatam
1443 1578 1756 1636 dittographiam

266 1650 441 1706 repetita
471 1650 671 1694 vocabula
701 1651 818 1694 haud
846 1651 956 1695 alias
986 1653 1118 1707 ejecta
1149 1662 1266 1704 esse,
1298 1652 1432 1705 iisque
1460 1651 1659 1694 restitutis
1688 1650 1755 1692 le-

267 1720 467 1775 gendum:
513 1719 590 1762 Ac
620 1726 888 1775 premeret
923 1722 969 1764 is
1004 1721 1121 1764 haud
1161 1721 1273 1765 alias
1313 1720 1540 1774 intentior,
1572 1720 1757 1775 populus

265 1789 414 1833 haud
448 1791 603 1836 alias
634 1792 734 1845 plus
770 1792 852 1835 sibi
886 1792 932 1834 in
958 1793 1192 1846 principem
1226 1815 1276 1822 —
1304 1792 1507 1846 permiste.
1568 1791 1756 1833 Tiberius

267 1864 357 1902 erat
385 1861 579 1913 interime,
610 1862 787 1917 populus
817 1862 842 1904 i.
876 1875 914 1905 c.
947 1862 1080 1905 omnis
1111 1861 1255 1906 civitas
1287 1866 1376 1905 erat
1405 1865 1587 1905 arrecta.

383 1929 494 1972 Anu.
525 1930 608 1983 ΙΙΙ,
639 1931 703 1974 12.
757 1932 875 1977 Haud
906 1932 1106 1975 absonum
1136 1931 1260 1975 fuerit
1288 1931 1454 1988 legere:
1495 1931 1757 1985 etpn'oatas

266 1999 509 2043 inimicitias
537 2002 746 2044 nomine
770 2002 982 2057 principis
1002 2003 1085 2055 (sc.
1105 2000 1354 2053 Germanici..)
1384 2001 1581 2045 ulciscar.
1628 2000 1757 2043 Recte

266 2069 437 2112 Rothius
469 2070 699 2113 offenderat
729 2072 769 2113 in
797 2072 843 2113 vi
872 2072 1066 2126 principis
1078 2071 1134 2123 ⁴).
1182 2072 1316 2115 Potuit
1346 2070 1630 2126 compendium
1659 2072 1755 2112 ηοιΤι

267 2139 291 2180 i.
323 2151 361 2180 e.
392 2140 559 2183 nomine
588 2140 710 2185 facile
739 2153 815 2196 pro
845 2142 948 2184 noui
973 2154 997 2185 a
1026 2141 1192 2185 librario
1223 2142 1364 2198 accipi.

384 2208 492 2252 Anu.
536 2209 617 2262 III,
659 2210 729 2252 35.
802 2211 941 2269 Lege:
994 2217 1034 2255 et
1075 2224 1281 2256 comem
1326 2212 1585 2256 adulantium
1624 2211 1756 2255 haut

265 2280 440 2323 victus
464 2285 563 2334 σείς
592 2281 619 2323 i.
653 2294 690 2324 e.
722 2286 802 2326 tam
833 2281 954 2326 facile
985 2295 1034 2326 se
1063 2283 1170 2326 vinci
1195 2295 1344 2339 passus
1377 2287 1460 2337 est,
1492 2287 1617 2326 utne
1648 2283 1755 2326 vinci

266 2350 431 2405 quidem
461 2350 695 2408 videretur3
729 2353 847 2408 quasi
879 2353 1034 2396 diceret
1059 2359 1223 2397 noster:
1255 2366 1465 2398 consensu
1493 2353 1602 2396 adul.
1633 2352 1755 2396 facile

265 2420 425 2474 victuS,
467 2422 590 2465 immo
621 2422 730 2465 haud
759 2424 892 2467 victus
924 2428 999 2466 est.
1071 2424 1173 2467 Nam
1211 2425 1409 2479 adjtavari
1436 2423 1629 2467 Blaesum
1658 2423 1755 2479 quid

267 2501 373 2544 opus
405 2496 516 2544 erat,
559 2492 752 2536 intentius
791 2505 839 2536 se
876 2499 1104 2537 excusante
1133 2494 1289 2550 Lepido
1322 2499 1364 2537 et
1394 2493 1606 2538 manifesta
1635 2494 1754 2549 prin-

264 2559 368 2615 cipis
399 2559 643 2605 voluntate?

358 2713 395 2758 *J
421 2712 559 2748 Miinch.
586 2712 660 2748 Get.
686 2713 773 2749 Anz.
801 2714 904 2750 1836.
931 2726 965 2760 p.
987 2715 1067 2750 285.
