1920 3188
856 124 1148 167 -66-

374 255 482 299 Ann.
513 255 631 310 XVI,
663 256 727 298 21.
790 255 887 298 Cod.
920 255 1029 298 ludis
1060 256 1289 299 cetastis.
1352 253 1602 308 Seyfferlus:
1633 254 1742 298 ludis

256 329 502 372 vetustis.
566 330 620 370 At
657 339 963 383 supervacanea
1001 328 1104 369 haec
1147 326 1378 369 admonitio.
1441 326 1590 368 Malim:
1631 327 1743 368 ludis

256 399 446 443 Martis
478 404 519 441 et
548 399 642 440 mihi
674 398 974 454 persuaserim,
1006 398 1200 454 syllabam
1235 403 1298 440 cet
1327 397 1438 440 nasci
1470 397 1655 462 poluisse
1687 410 1741 439 ex

253 471 386 513 littera
419 470 464 511 M
493 470 625 524 paullo
661 470 841 512 ornatius
874 474 942 511 aut
973 469 1251 525 negligentius
1283 473 1461 510 exarata.
1507 467 1564 509 Cf.
1593 464 1738 523 virgil.

254 542 284 594 l,
316 539 402 583 247
436 553 524 595 sqq.
587 539 839 582 Antenorem
872 540 1025 582 Patavii
1060 553 1182 582 arma
1209 539 1353 594 fiaeisse
1388 537 1526 580 Troia.
1587 537 1637 580 Et
1668 537 1742 580 fuit

255 612 436 654 Thrasea
478 611 619 653 Martis
651 612 873 665 pilumnus,
917 612 980 652 vir
1025 616 1217 652 strenuus
1261 623 1308 652 ac
1347 610 1507 652 severis
1545 608 1740 661 moribus,

253 682 508 724 exercitibus
541 694 664 723 curae
697 681 868 723 habitus.

370 764 477 807 Hist.
510 763 545 815 Ι,
577 762 640 805 89
681 763 899 820 legendum
932 763 1173 817 putaverim:
1225 768 1383 806 tantum
1408 764 1530 820 pacis
1561 757 1741 808 adversa

253 835 315 876 rei
339 834 540 888 publicae
568 835 855 888 perniciem
885 847 1091 875 movere
1131 845 1205 888 pro
1249 824 1439 889 corrupta
1478 833 1568 876 cod.
1601 834 1739 890 script.

246 907 510 961 pertimuere.
573 905 747 947 Facilior
779 904 880 947 haec
916 904 1167 956 emendatiO,
1211 917 1329 958 quam
1362 905 1472 958 quod
1504 905 1533 945 T
1539 905 1680 947 homas
1695 902 1737 956 *)

251 976 381 1018 voluit
412 976 616 1030 perniciei
644 976 774 1028 fuere.

369 1058 476 1101 Hist.
499 1058 581 1109 III,
604 1058 661 1099 62
692 1071 823 1112 neque
855 1057 1066 1099 absurdus
1093 1057 1270 1112 ingenio,
1300 1059 1457 1112 famam
1486 1058 1740 1100 urbanitatis

246 1141 327 1182 per
359 1129 580 1171 lasciviam
606 1133 838 1181 peteret.
894 1127 1091 1169 Thomas:
1124 1128 1211 1182 qui
1243 1152 1298 1157 —
1324 1133 1494 1182 peteret.
1558 1128 1740 1171 Praestat

252 1199 455 1241 fortasse:
480 1203 639 1253 petens.

369 1280 474 1324 Hist.
508 1280 585 1333 IV,
616 1281 656 1321 4.
720 1278 889 1322 Confido
933 1279 1192 1323 scribendum
1236 1292 1351 1322 esse:
1389 1282 1600 1335 prompsit
1638 1295 1738 1324 sen-

251 1352 420 1393 tentiam
466 1357 512 1392 ut
548 1351 823 1404 honorificam
864 1352 908 1392 in
956 1351 1108 1392 bonum
1145 1352 1398 1405 principem,
1449 1352 1501 1392 in
1540 1353 1737 1405 falsum

250 1421 503 1464 acerbam
512 1434 529 1473 ,·
559 1433 634 1476 pro
659 1422 896 1475 principem
927 1450 936 1461 .
972 1453 981 1462 .
1014 1453 1022 1462 .
1051 1422 1170 1475 falsa
1200 1422 1387 1463 aberant.
1620 1413 1623 1415 ’

367 1502 472 1551 Hist.
506 1502 581 1553 IV,
614 1503 652 1543 5.
715 1503 758 1543 In
803 1503 984 1557 graviori
1023 1502 1191 1555 mendo,
1232 1516 1349 1557 quam
1390 1504 1574 1559 plerique
1611 1518 1737 1559 prae-

250 1578 434 1625 sumunt,
474 1573 596 1615 cubat
631 1573 771 1622 locus;
817 1585 938 1627 quem
978 1572 1133 1614 suadeo
1166 1573 1226 1614 sic
1258 1574 1474 1616 emendes:
1522 1572 1738 1617 Helvidius

248 1643 418 1685 Priscus
474 1643 726 1698 eyreyios
781 1643 1005 1685 natales
1050 1648 1226 1694 caret‚·
1285 1657 1398 1686 nam
1446 1658 1467 1685 e
1509 1647 1735 1700 municipio

251 1713 461 1765 Cluvia,
488 1718 614 1767 patre
645 1714 716 1767 qui
749 1737 801 1744 —
836 1713 1039 1765 duxisset,
1071 1712 1281 1768 inqenium
1309 1713 1486 1756 inlustre
1517 1716 1632 1757 dedit
1660 1722 1734 1758 etc.

249 1785 299 1827 cf.
331 1785 431 1827 Hist.
462 1784 492 1837 1,
524 1783 582 1826 49
625 1785 829 1826 natalium
868 1782 1056 1826 claritas.
1119 1784 1167 1836 ΙΙ,
1205 1783 1262 1826 86
1308 1786 1528 1827 Cornelius
1564 1786 1733 1838 Fuscus,

247 1860 393 1909 viqens
422 1860 580 1905 aetate,
625 1855 754 1895 claris
792 1854 1020 1895 natalibus.
1084 1853 1190 1895 Arm.
1223 1855 1291 1907 Xl,
1324 1854 1375 1895 21
1422 1856 1625 1897 natalium
1657 1858 1733 1898 de-

249 1925 389 1967 decus.
451 1923 514 1966 De
547 1923 686 1967 Cluvia
719 1923 768 1965 cs.
801 1923 887 1965 Liv.
920 1924 987 1975 IX,
1020 1923 1088 1965 31.

364 2005 507 2061 Aqric.
523 2006 591 2047 34.
622 2019 707 2047 non
737 2009 989 2058 restiterunt,
1020 2007 1097 2048 sed
1126 2006 1369 2060 deprehensi
1397 2013 1493 2049 sunt
1500 2021 1514 2056 ,·
1545 2008 1731 2051 novis-

245 2081 375 2119 sime
404 2090 491 2119 res
523 2082 571 2118 et
600 2081 787 2119 extremo
818 2081 925 2118 metu
957 2089 1136 2130 corpore
1155 2078 1336 2130 defixere
1357 2082 1501 2119 aciem.
1548 2079 1603 2121 lta
1633 2079 1731 2121 Vab.

246 2148 377 2196 Quem
407 2147 558 2198 locum,
589 2159 679 2188 mea
711 2146 873 2200 quidem
905 2147 1119 2199 sententia,
1156 2159 1289 2201 neque
1320 2147 1495 2190 Wexius
1527 2161 1730 2203 persana-

246 2218 304 2258 vit
334 2229 471 2271 neque
499 2215 881 2272 Bezzenbergerus.
948 2217 1163 2271 Suspicor:
1203 2230 1306 2259 non
1336 2223 1421 2259 vis
1451 2223 1502 2260 in
1533 2223 1602 2261 its
1632 2225 1729 2270 est,

244 2293 327 2329 set
357 2292 542 2328 extremo
573 2292 681 2328 metu
713 2300 766 2328 ac
797 2292 968 2341 torpore
1005 2288 1185 2342 desistere
1223 2293 1354 2330 aciem
1393 2294 1466 2330 etc.
1528 2289 1730 2345 Flagitare

245 2357 348 2400 haec
378 2357 540 2400 videtur
570 2358 860 2400 sententiarum
892 2358 1091 2400 concinna
1123 2358 1342 2414 oppositio.

363 2439 504 2493 Ayric.
535 2440 602 2480 37.
648 2440 750 2481 Prae
782 2440 933 2482 ceteris
965 2441 1213 2496 conjecturis
1242 2442 1371 2497 magis
1402 2441 1533 2497 placet
1564 2442 1729 2500 legere:

243 2515 464 2565 postquam
507 2510 629 2552 silvis
667 2515 1139 2565 appropinquaverunt,
1191 2517 1240 2553 in
1281 2517 1506 2566 tempore
1551 2513 1727 2567 (itemp)

237 2585 405 2635 primos
433 2585 701 2634 sequentium,
733 2585 939 2632 incautos,
973 2582 1137 2624 collecti
1167 2588 1207 2625 et
1235 2583 1422 2625 locorum
1450 2588 1606 2638 ynari
1636 2588 1736 2626 cir--

339 2732 379 2779 *J
405 2732 566 2768 Miinchn.
594 2732 667 2769 Gel.
693 2732 781 2769 Anz.
808 2734 909 2769 1850.
935 2734 996 2770 Nr.
1022 2735 1079 2771 42.
