1920 3188
789 133 1052 173 —5—

754 263 891 313 Ann.
921 261 963 327 1,
1004 263 1084 312 15.

300 369 450 412 Retulit
481 369 665 421 TacituS,
709 373 790 410 tum
822 369 1012 422 primum,
1056 367 1220 409 Tiberio
1253 368 1322 408 vix
1352 368 1561 421 imperium
1593 370 1660 409 in-

184 451 355 498 gresso,
396 439 556 481 comitia
589 450 613 479 e
645 449 787 492 campo
819 438 871 480 ad
901 442 1037 493 patres
1074 436 1272 494 translata
1304 449 1439 491 neque
1469 438 1660 492 populum

183 511 411 564 ademptum
437 509 507 563 jus
539 513 727 561 questum
759 519 866 549 esse.
925 506 1083 549 Deinde
1114 507 1271 560 pergit:

324 591 447 633 lnter
470 590 784 648 quaetiibuni
806 589 958 646 plebei
979 591 1182 645 petivere
1202 591 1252 630 ut
1275 590 1455 644 proprio
1476 594 1657 645 sumptu

324 662 514 702 ederent
544 658 693 713 ludos,
727 662 800 715 qui
833 660 889 701 de
922 661 1099 700 nomine
1127 659 1321 713 Augusti
1356 656 1488 698 fastis
1522 659 1659 699 additi

323 728 599 787 Augustales
619 734 899 771 vocarentur.
938 729 1029 771 Sed
1054 729 1238 771 decreta
1255 730 1445 785 pecunia
1461 741 1517 769 ex
1536 741 1659 770 aera-

323 804 410 854 rio,
454 804 592 856 utque
632 813 715 856 per
753 803 919 841 circum
949 800 1210 856 triumphali
1241 802 1371 840 veste
1403 803 1658 840 uterentur:

324 884 456 913 curru
491 871 591 912 vehi
623 870 745 912 haud
776 872 1064 926 permissum.
1125 869 1228 910 Mox
1260 869 1507 910 celebratio
1539 871 1661 910 anmi

322 941 377 983 ad
408 944 662 996 praetorem
693 941 929 992 translata,
963 943 1036 982 cui
1071 942 1191 980 inter
1223 940 1347 980 cives
1380 942 1427 980 et
1457 942 1658 996 peregri-

324 1024 406 1052 nos
432 1008 693 1064 jurisdictio
726 1012 968 1053 evenisset.

299 1104 518 1146 Rhenanus
539 1104 785 1146 emendavit:
806 1117 987 1146 annuum
1010 1104 1069 1145 ad
1083 1108 1351 1158 praetorem,·
1381 1103 1563 1158 Lipsius:
1587 1117 1660 1145 ce-

183 1175 359 1217 lebratio
391 1180 544 1216 annua.
616 1174 665 1216 Et
703 1174 752 1217 ad
791 1175 896 1216 hunc
936 1186 1068 1228 usque
1100 1174 1205 1215 diem
1239 1173 1419 1215 editores
1449 1175 1556 1215 inter
1585 1174 1658 1215 has

184 1245 284 1287 duas
318 1243 624 1286 emendationes
649 1245 839 1300 ambiguo
857 1244 1011 1300 judicio
1035 1244 1256 1294 haesitant,
1291 1244 1524 1298 nuperrime
1554 1244 1658 1285 enim

182 1315 360 1357 Halmius
400 1316 517 1356 etiam
559 1316 748 1369 repetivit
777 1315 901 1369 Lipsii
934 1315 1250 1356 celebrationem
1282 1326 1475 1355 annuam.
1536 1314 1660 1368 Atqui

182 1390 354 1439 utraque
380 1398 427 1426 ea
454 1385 683 1426 emendatio
708 1385 854 1427 eodem
880 1384 1061 1436 crimine,
1092 1384 1316 1440 tautologia
1342 1383 1448 1436 dico,
1479 1388 1657 1437 tenetur;

184 1468 305 1509 quum
336 1455 403 1496 vel
436 1456 525 1497 sine
556 1455 623 1497 tali
654 1455 928 1497 admonitione
949 1455 1101 1509 pariter
1124 1459 1298 1506 constet,
1331 1459 1373 1495 et
1402 1455 1660 1510 magistratus

185 1536 327 1567 omnes
366 1525 498 1566 fuisse
541 1537 720 1577 annum,
759 1530 800 1567 et
840 1525 1154 1567 celebrationem
1195 1524 1403 1575 ludorum,
1445 1524 1514 1578 qui
1546 1524 1661 1566 fastis

185 1594 306 1637 additi
331 1600 484 1647 essent,
516 1596 676 1636 nonnisi
708 1608 879 1637 annuam
910 1595 1078 1651 intelligi
1101 1606 1242 1649 posse.
1290 1594 1401 1636 Idem
1432 1594 1521 1635 fere
1552 1607 1658 1636 con-

184 1664 460 1708 tradicendum
505 1664 743 1706 Doederlini
787 1666 1069 1720 conjecturae:
1125 1678 1250 1706 unum
1299 1665 1359 1706 ad
1399 1670 1659 1718 praetorem;

184 1748 275 1779 nam
306 1748 379 1790 eo,
411 1747 492 1790 quo
524 1734 609 1777 vult
639 1735 701 1777 vir
731 1735 1001 1789 clarissimus,
1032 1737 1273 1792 praegnanti
1304 1748 1450 1790 sensu,
1482 1741 1525 1778 ut
1554 1748 1659 1778 unus

184 1812 348 1860 praetor
378 1812 607 1861 opponatur
636 1806 770 1849 multis
800 1807 984 1858 tribunis,
1027 1807 1096 1847 vix
1132 1820 1372 1861 quemquam
1403 1812 1501 1860 puto
1533 1807 1658 1848 verba

185 1882 463 1932 accepturum,
502 1877 579 1918 nisi
611 1878 677 1931 qui
708 1877 820 1931 prius
852 1876 1078 1919 admonitus
1109 1876 1227 1918 foret.
1289 1876 1468 1919 Orellius
1499 1889 1659 1931 propo-

184 1948 264 1988 suit
294 1952 334 1989 et
364 1948 402 1988 in
436 1946 614 1988 editione
653 1948 811 1989 minore
850 1948 1051 2003 vulgavit:
1097 1961 1187 1988 eum
1224 1948 1283 1988 ad
1312 1953 1576 1999 praetorem,
1618 1953 1661 1988 ut

184 2017 428 2071 suspiciatur
446 2017 597 2058 Tiberii
618 2017 778 2071 tyranni
801 2017 948 2059 malitia
970 2022 1011 2059 et
1029 2017 1199 2072 pusillus
1231 2017 1402 2071 animus,
1435 2016 1544 2072 quod
1577 2029 1660 2059 non

184 2088 361 2139 praetori
392 2087 561 2138 urbano,
591 2087 782 2140 primario
813 2088 919 2128 inter
944 2100 1102 2140 omnes,
1133 2089 1237 2129 hanc
1268 2101 1405 2129 curam
1432 2087 1658 2129 demanda-

183 2156 321 2199 visset.
385 2155 437 2198 At
468 2156 569 2198 haec
600 2156 719 2198 nimia
751 2161 837 2199 arte
868 2156 973 2199 facta
1010 2162 1050 2200 et
1080 2157 1204 2201 multo
1236 2157 1467 2214 impeditior
1497 2163 1561 2201 est
1591 2159 1657 2200 in-

183 2227 440 2280 terpretatio,
473 2241 592 2281 quam
618 2241 722 2282 quae
753 2240 827 2282 pro
858 2241 957 2269 vera
989 2229 1128 2270 haberi
1152 2230 1294 2283 possit.
1354 2230 1494 2283 ltaque
1526 2241 1658 2272 novae

183 2296 361 2338 virorum
387 2296 599 2339 doctorum
631 2310 754 2339 curae
786 2304 1069 2349 accesserunt,-
1100 2298 1174 2340 sed
1200 2310 1283 2339 non
1314 2299 1445 2354 magis
1476 2311 1657 2353 prospe—

183 2377 266 2407 rae.
324 2367 427 2408 Nam
465 2367 574 2421 quod
604 2366 808 2423 Bergkius
850 2368 1046 2423 conjecit,
1089 2368 1303 2409 Liibkerus
1335 2368 1657 2410 commendavit:

184 2435 384 2488 ayonum',
424 2449 474 2478 ea
505 2449 607 2478 vero
632 2449 718 2479 vox
748 2449 882 2492 neque
912 2437 994 2479 stili
1024 2438 1175 2480 Tacitei
1206 2437 1476 2481 domesticum
1507 2439 1658 2482 cando-

183 2516 268 2545 rem
308 2506 488 2560 praefert
537 2519 673 2562 neque
720 2508 876 2563 culpam
919 2508 1062 2564 effugit
1101 2509 1346 2563 supervacui
1385 2509 1655 2552 additamenti.

184 2573 282 2621 Quis
305 2581 439 2618 autem
463 2590 553 2618 cum
571 2577 722 2619 Haasio
747 2579 825 2619 sibi
855 2579 1120 2632 persuaserit,
1150 2579 1369 2633 legendum
1402 2592 1497 2622 esse
1521 2581 1657 2633 post*

183 2655 355 2697 annum,
396 2650 440 2687 ut
470 2647 653 2700 Tacitus,
691 2659 813 2701 quum
839 2660 944 2690 voce
975 2661 1074 2691 mox
1104 2653 1261 2704 tempus
1293 2650 1333 2692 in
1363 2651 1519 2693 incerto
1551 2650 1655 2693 reli-

184 2714 363 2769 quisset,
402 2717 467 2759 hic
497 2723 631 2760 tamen
662 2717 780 2760 addat
809 2719 1075 2761 certissimam
1109 2720 1199 2775 ejus
1235 2720 1443 2763 notitiam?
1475 2745 1533 2751 —
1563 2720 1653 2762 De-
