1920 3188
739 120 1031 161 —55-

265 248 446 293 Halmius
476 251 707 306 suspicatus
738 256 849 294 erat:
878 263 1046 306 segnem
1068 256 1252 303 mortem,
1282 252 1463 294 sontium
1491 249 1629 306 suffu-

148 322 278 378 9ium³
318 333 373 362 ex
402 322 544 376 magni
571 322 762 364 nominis
779 321 1022 374 —--bonos‚
1065 321 1399 364 consociaturum
1426 322 1628 364 audaces.

149 390 230 436 Sed
256 389 419 446 abjecit,
449 396 494 434 ut
518 392 599 447 qui,
621 397 733 448 puto,
752 391 1017 449 intelligeret,
1038 403 1174 446 neque
1197 390 1418 447 suffuqium
1437 391 1489 438 ad
1508 404 1629 434 mor-

148 467 227 504 tem
265 472 402 516 neque
431 462 689 505 sociaturum
718 463 915 512 audaces⁴
939 462 992 505 ad
1019 461 1329 504 miserationem
1357 461 1506 505 referri
1542 462 1627 505 ullo

148 530 271 574 modo
299 543 441 586 posse.
500 531 572 585 Ea,
603 545 723 587 quam
746 533 988 587 notavimus,
1014 532 1343 589 interpunctione
1373 532 1507 587 posita
1538 532 1627 574 sal-

147 613 223 644 vus
253 601 371 643 locus
402 601 599 644 videatur¹
619 615 728 645 esse.
780 602 979 654 Sontium
1009 608 1093 654 est,
1135 615 1310 658 segnem
1341 607 1515 645 mortem
1544 614 1628 644 non

148 670 356 728 effugere,
386 671 657 715 imminentem
690 672 857 715 caedem
888 677 1151 728 exspectare,
1183 673 1371 715 insontes
1402 671 1516 713 viros
1548 671 1627 713 de-

147 746 226 794 cet,
257 742 495 796 periculum,
527 742 804 786 crudelitatem
834 743 998 786 fortiter
1015 743 1252 799 depellere3
1287 743 1323 785 si
1354 753 1532 784 necesse
1562 743 1627 794 sit,

146 811 330 868 gloriosa
359 812 505 867 potius>
527 825 646 867 quam
664 813 770 868 turpi
793 816 925 855 morte
941 813 1090 869 perire.
1135 813 1187 856 Et
1205 812 1519 871 frequentantur
1542 811 1628 853 Ta-

146 883 227 925 cito
258 872 457 926 vocabula
486 896 588 925 sons
618 888 659 925 et
683 885 841 929 insons>
857 884 897 925 in
917 884 986 926 tali
1006 896 1145 927 rerum
1167 883 1413 926 discrimine.
1445 882 1498 924 cf.
1520 881 1626 923 Ann.

145 952 230 1002 XV,
268 951 327 993 44
371 965 621 1006 quamquam
661 953 863 997 aduersus
908 958 1049 996 sontes
1087 959 1128 995 et
1162 953 1394 1003 novissima
1436 952 1629 1008 exempla

146 1021 326 1062 meritos.
365 1044 422 1051 —-
466 1021 624 1063 Deinde
653 1022 734 1063 hoc
763 1023 854 1077 ipso
886 1023 1034 1077 capite:
1075 1023 1183 1065 clari
1220 1028 1346 1077 atque
1373 1022 1561 1064 insontes
1590 1022 1629 1063 si

145 1091 485 1145 interficerentur.
545 1090 649 1135 Ann.
679 1090 744 1144 111,
775 1090 830 1132 67
873 1092 1002 1146 multa
1037 1092 1348 1153 adgerebantur
1369 1120 1372 1123 -
1390 1091 1516 1146 etium
1555 1091 1627 1132 in-

144 1159 334 1203 sontibus
372 1160 629 1215 periculosa.
702 1159 769 1214 Vl,
813 1160 885 1203 48.
938 1160 1098 1205 Balbus
1137 1165 1359 1216 promptus
1404 1160 1627 1203 adversum

144 1232 339 1274 insontes.
400 1227 503 1284 XIII,
536 1224 594 1273 33
623 1236 823 1288 ταηᾳααηι
851 1232 1007 1274 insonti
1030 1231 1264 1291 periculum
1291 1231 1501 1286 fecissent.

261 1300 371 1342 Boni
401 1314 546 1343 rursus
576 1307 670 1344 sunt
700 1314 801 1343 vero
831 1302 1053 1357 suffuqium
1082 1302 1327 1344 miserorum
1359 1313 1519 1355 eosque
1550 1313 1625 1343 re-

145 1371 283 1426 perire
314 1375 378 1413 est
407 1370 592 1426 repe-rire
622 1369 865 1428 suffuqum,
907 1383 988 1427 quo
1020 1370 1183 1414 innixus
1213 1370 1304 1426 quis
1336 1383 1385 1413 ac
1416 1368 1628 1424 defensuS,

146 1440 395 1482 consociatis
426 1440 668 1493 audacibus,
708 1441 809 1482 belli⁴
840 1441 1044 1484 fortunam
1075 1445 1232 1483 tentare
1262 1441 1396 1495 possit
1425 1452 1507 1481 non
1537 1441 1627 1481 sine

145 1523 219 1566 spe
248 1522 485 1566 magnarum
516 1522 655 1553 rerum
687 1515 729 1554 et
756 1511 947 1567 prosperi
976 1522 1212 1556 successus,
1275 1509 1341 1553 Ad
1370 1509 1476 1553 hanc
1505 1509 1629 1566 igitur

143 1579 454 1638 ingrediendam
500 1580 642 1623 salutis
689 1582 795 1624 viam
843 1581 1043 1624 Antistius
1092 1581 1277 1623 hortatus
1323 1586 1387 1624 est
1426 1594 1627 1637 generum

144 1650 346 1704 Plautum,-
367 1650 508 1694 duliae
539 1650 686 1694 domus
716 1651 884 1707 stirpem
908 1650 1063 1694 Neroni
1093 1656 1326 1707 suspectam
1356 1656 1399 1695 et
1427 1650 1627 1695 formida-

145 1724 236 1763 tam.
298 1720 363 1762 Ad
392 1720 614 1776 suffugium
644 1721 696 1764 cf.
728 1720 834 1763 Ann.
866 1721 933 1774 lv,
965 1721 1034 1762 66.
1065 1720 1200 1763 Germ.
1231 1722 1303 1763 46.
1614 1754 1617 1757 .

262 1790 324 1833 Ac
355 1795 489 1833 tamen
518 1791 573 1833 ita
603 1790 747 1848 legere
777 1790 884 1834 haud
909 1790 1008 1834 satis
1031 1791 1178 1846 placet,
1209 1792 1304 1846 quia
1333 1792 1626 1835 sententiarum

143 1872 354 1914 numerus,
385 1861 525 1916 quiin
543 1861 684 1904 Tacito
714 1861 889 1903 maxime
920 1860 1165 1916 spectandus
1188 1866 1266 1914 est,
1297 1862 1403 1904 male
1435 1862 1626 1904 decurrit.

142 1932 284 1987 ltaque
313 1932 631 1977 existimaverim
673 1931 803 1975 incisa
842 1936 936 1975 ante
974 1936 1236 1987 reperturum
1269 1932 1489 1975 verborum
1518 1943 1627 1975 con-

143 2002 367 2044 tinuatione
397 2002 447 2044 ab
468 2001 548 2043 hoc
572 2001 773 2044 vocabulo
797 2000 1069 2057 incipiendum
1099 2009 1251 2044 novum
1283 2003 1495 2045 articulum
1527 2015 1622 2044 ora-

142 2072 279 2126 tionis,
310 2077 354 2115 ut
382 2077 643 2127 reperturum
670 2071 820 2125 bonos,
851 2071 1189 2115 consociaturum
1208 2072 1396 2115 audaces
1415 2083 1470 2115 ex
1491 2083 1625 2127 aequo

143 2143 317 2185 invicem
349 2142 427 2185 sibi
456 2141 746 2197 respondeant.
796 2141 915 2192 Quod
945 2146 989 2185 ut
1017 2141 1107 2184 fieri
1136 2143 1268 2198 possit
1297 2142 1430 2185 malim
1460 2142 1624 2198 legere:

280 2211 520 2272 Effugeret
558 2226 746 2271 segnem
788 2216 997 2256 mortem:
1040 2211 1218 2255 insonti
1260 2211 1504 2272 suffugium
1541 2216 1624 2262 (sc.

282 2285 402 2334 esse)
446 2295 507 2324 ex
552 2285 704 2341 magni
743 2285 935 2324 nominis
974 2284 1290 2325 miseratione:
1338 2287 1623 2339 reperturum

279 2355 446 2408 bonoS,
480 2355 841 2395 consociaturum
871 2352 1084 2395 audaces.

258 2421 422 2479 Syllaba
451 2422 496 2464 in
527 2422 719 2477 absorpta
751 2427 815 2464 est
844 2421 1106 2476 praecedenti
1136 2421 1268 2463 littera
1288 2435 1352 2474 m,·
1380 2421 1464 2464 sbti
1493 2434 1626 2477 prop-

142 2497 205 2535 ter
234 2497 476 2549 sequentem
507 2491 719 2548 aequalem
760 2503 904 2534 sonum
945 2490 1176 2534 adsimulari
1208 2495 1377 2546 poterat
1406 2493 1501 2535 voci
1531 2494 1627 2547 sus-

140 2563 301 2619 fuqium
330 2563 412 2617 ita,
442 2566 486 2606 ut
516 2561 646 2605 abiret
673 2562 714 2604 in
743 2561 912 2614 sotium,
943 2565 1153 2616 postremo
1185 2562 1237 2604 in-
1255 2563 1399 2605 otium.

263 2632 323 2677 Cf.
363 2632 467 2676 Ann.
498 2632 587 2687 XV,
621 2630 688 2676 17.
732 2632 1091 2688 conquerentium
1120 2633 1304 2677 inritum
1333 2645 1408 2689 pro
1441 2646 1627 2688 conque-

143 2708 265 2748 rente
293 2703 462 2747 inritum
482 2704 588 2759 XIV,
603 2703 660 2746 45
691 2703 989 2747 innocentium
1018 2704 1322 2748 miserantium
1342 2716 1401 2759 pr.
1420 2704 1626 2747 innocen-
