1920 3188
707 183 994 225 ..19—

112 322 193 359 tum
223 314 361 370 populi
392 314 734 371 importunitatem
766 318 807 357 et
835 318 1068 369 promptos,
1109 321 1297 371 tanquam
1335 318 1374 359 in
1406 329 1453 359 re
1484 315 1591 359 haud

113 386 246 439 dubia,
280 384 328 427 ad
362 385 555 428 ultionem
587 386 755 428 animos.
813 384 1096 441 Quodcunque
1128 386 1251 442 igitur
1271 388 1592 443 supplementum

111 458 232 512 hujus
264 457 464 512 propositi
495 456 808 511 explicationem
849 462 917 499 aut
955 456 1136 500 retardet
1170 462 1236 500 aut
1267 464 1453 513 superet,
1496 471 1591 502 mo-

111 529 256 571 lestum
290 532 351 570 est
384 533 424 570 et
454 540 536 570 non
568 526 792 569 ferendum.

228 598 380 640 Verum
413 597 741 655 Bezzenbergeri
767 598 923 654 judicio
955 611 1045 641 cum
1077 600 1129 642 ita
1162 598 1398 654 adsentiam,
1429 605 1473 643 ut
1503 601 1592 644 sola

112 669 237 712 verba
268 670 536 723 scripsissent
565 669 879 723 empostulaules
916 671 1234 725 transpositione
1278 683 1406 726 egere
1442 677 1590 726 putem,

112 752 193 781 non
234 744 367 780 tamen
407 752 497 781 cum
540 740 608 780 illo
642 739 963 792 emendaverim,
1008 753 1143 795 neque
1181 741 1351 792 eodem,
1393 753 1473 795 quo
1511 742 1592 793 ille,

114 811 211 853 loco
243 810 464 865 posuerim.
509 810 790 867 Tautologiam
815 811 954 865 utique
981 811 1273 853 intolerabilem
1296 811 1453 853 efficies
1486 812 1594 853 scri-

112 880 271 923 bendo:
315 882 353 923 si
378 871 547 935 patrum
578 882 802 923 sententias
839 883 1060 933 evasisset,
1098 883 1136 923 si
1168 883 1273 935 eripi
1307 883 1475 933 sissent,
1515 895 1595 924 em-

109 950 386 1006 postulautes,
409 976 465 983 -
486 964 621 1007 neque
643 952 801 995 veniam
826 951 919 995 huic
950 952 1114 994 lectioni
1149 951 1374 994 obtinueris
1405 965 1428 994 a
1457 951 1594 994 vivido

113 1023 397 1077 descriptionis
421 1023 576 1075 colore,
605 1024 697 1077 quia
718 1024 967 1078 participium
989 1024 1315 1077 expostulantes,
1339 1024 1478 1065 ultimo
1500 1024 1595 1065 loco

114 1094 306 1150 positum,
339 1092 631 1136 claudicantem
662 1092 794 1135 reddit
825 1093 1063 1136 orationem.
1119 1093 1172 1136 At
1203 1106 1284 1149 quo
1310 1092 1471 1136 tandem
1503 1092 1596 1135 loco

112 1177 311 1219 ponamus
343 1165 409 1205 illa
440 1165 597 1205 verba?
645 1164 727 1206 Aut
763 1165 935 1220 egregie
975 1165 1113 1217 fallor,
1152 1170 1221 1206 aut
1252 1165 1471 1206 inserenda
1504 1170 1597 1207 sunt

113 1247 194 1278 uno
230 1235 433 1278 versiculo
464 1234 635 1278 inferius
667 1239 761 1291 post
792 1235 1095 1288 audiebantur,
1128 1240 1171 1277 ut
1200 1235 1338 1292 legas:

233 1307 368 1348 Simul
390 1307 541 1361 populi
584 1312 680 1348 ante
723 1308 882 1349 curiam
922 1320 1047 1348 voces
1080 1306 1380 1359 audiebantur,
1423 1308 1595 1361 scrip-

114 1378 315 1419 sissent
344 1377 676 1431 empostulautes,
709 1390 807 1418 nou
839 1382 1236 1430 temperaturos
1266 1377 1520 1428 manibus,
1552 1382 1598 1418 si

110 1453 315 1501 patrum
344 1449 643 1490 sententias
674 1448 941 1489 evasisset.
1005 1446 1085 1490 Sed
1117 1447 1212 1502 quid
1234 1452 1320 1489 erat
1343 1447 1455 1499 illud,
1487 1446 1597 1501 quod

117 1518 350 1574 exasperati
390 1518 648 1574 postulabant
686 1523 730 1559 ut
767 1518 959 1573 scriptum
999 1517 1195 1559 haberent
1224 1518 1395 1573 patres?
1441 1517 1598 1571 Nempe

117 1589 213 1629 nihil
244 1589 363 1641 aliud,
397 1602 516 1643 quam
548 1602 661 1631 suam
686 1590 859 1643 quisque
892 1589 1142 1630 sententiam.
1206 1588 1246 1629 ld
1281 1602 1335 1629 ex
1367 1589 1465 1642 ipsis
1496 1600 1599 1629 ver-

116 1658 200 1713 bis,
246 1671 351 1714 quae
390 1658 612 1714 adduntur,
657 1664 803 1715 sponte
844 1663 1020 1715 apparet.
1094 1658 1293 1714 Populus,
1325 1658 1546 1714 perpetrati
1577 1669 1598 1698 a

117 1731 266 1771 Pisone
309 1730 480 1771 sceleris
523 1736 682 1782 certus,
729 1743 808 1772 non
850 1731 1054 1785 intelligit,
1097 1730 1205 1771 unde
1238 1731 1276 1770 in
1309 1743 1356 1771 re
1387 1728 1598 1771 manifesta

118 1800 222 1843 adeo
254 1800 378 1856 longa
410 1800 611 1842 cunetatio
645 1800 814 1846 eveniat.
863 1798 982 1842 Suam
1008 1812 1209 1854 quemque
1237 1804 1392 1855 patrum
1424 1803 1597 1842 senten-

117 1873 209 1913 tiam
243 1872 350 1913 domi
380 1871 645 1925 perscriptam
685 1872 725 1911 in
764 1863 916 1912 curiam
958 1871 1106 1912 afferre
1153 1875 1193 1911 et
1229 1871 1414 1924 potuisse
1447 1875 1489 1911 et
1520 1870 1597 1910 de-

118 1942 258 1984 buisse
290 1946 453 1995 censet,
494 1940 544 1983 dc
584 1953 663 1996 qua
695 1940 791 1982 nibil
822 1939 1079 1983 concederet.
1141 1940 1230 1981 Hoc
1262 1940 1366 1981 enim
1399 1939 1600 1982 interdum

122 2018 162 2054 et
191 2014 232 2054 in
263 2013 407 2055 talibus
439 2013 679 2067 praesertim
718 2013 873 2063 causis,
918 2025 1022 2067 quae
1061 2013 1276 2068 graviores
1317 2016 1358 2053 et
1388 2016 1600 2066 antequam

120 2084 159 2125 in
191 2088 335 2126 senatu
364 2088 587 2140 agerentur
625 2083 785 2139 publice
824 2088 945 2126 notae
986 2087 1121 2135 erant,
1160 2083 1285 2124 moris
1318 2081 1448 2125 fuisse
1481 2094 1600 2125 com-

119 2156 319 2209 perimus,
361 2159 405 2196 ut
442 2155 592 2210 singuli
634 2154 685 2196 de
723 2156 875 2209 scripto
916 2156 1157 2196 sententiam
1196 2154 1378 2196 dicerent
1393 2154 1450 2204 *).
1512 2152 1601 2195 Jam

120 2238 221 2268 vero
253 2238 359 2282 quae
391 2237 513 2268 causa
545 2226 674 2281 potuit
709 2226 895 2281 gravior,
939 2224 1048 2279 quod
1079 2224 1201 2267 ullum
1235 2225 1406 2277 crimen,
1453 2223 1518 2264 vel
1550 2236 1602 2264 ex

121 2297 302 2351 ipsorum
324 2302 480 2352 patrum
505 2298 719 2350 sententia,
752 2298 903 2338 certius
927 2308 1037 2349 esse,
1069 2308 1187 2350 quam
1213 2296 1372 2337 Pisonis
1406 2294 1473 2335 diu
1499 2306 1602 2348 per-

121 2367 326 2424 vulgatum
368 2372 408 2410 et
444 2367 648 2409 hominum
686 2367 944 2409 sermonibus
978 2365 1203 2422 agitatum?
1248 2365 1297 2405 Et
1328 2369 1462 2404 tamen
1493 2363 1598 2403 hae-

122 2439 215 2481 sitat
246 2444 411 2482 senatus
444 2443 485 2480 et
508 2438 641 2481 audita
668 2437 909 2480 defensione
930 2436 1093 2488 dubitat,
1126 2433 1297 2490 trepidat
1329 2433 1379 2476 de
1412 2433 1600 2476 consulto

123 2507 331 2553 faciendo!
378 2510 479 2552 Hinc
515 2509 608 2552 illae
648 2508 794 2565 populi'
816 2508 921 2562 irae,
965 2507 1056 2550 illae
1095 2505 1438 2562 expostulantium
1471 2506 1602 2547 minae

214 2688 251 2735 ²¹⁵)
278 2688 322 2724 cf.
349 2687 503 2732 Bekker‚
536 2684 672 2736 Handb.
700 2684 733 2721 d.
760 2690 845 2721 rom.
872 2684 1107 2721 Altcrthiimer
1132 2684 1174 2729 lt,
1199 2683 1232 2720 2.
1261 2695 1294 2731 p.
1318 2683 1396 2718 430.
1440 2681 1510 2717 Cic.
1539 2692 1602 2727 pro

124 2744 254 2781 Planco
280 2748 358 2790 3o.‚
394 2759 458 2792 pro
484 2747 523 2782 P.
550 2746 662 2781 Sestio
688 2745 744 2781 61.
778 2751 813 2779 et
838 2745 963 2780 Halmii
994 2745 1139 2780 brevem
1166 2744 1209 2778 ad
1236 2744 1325 2778 huuc
1352 2742 1463 2776 locum
1490 2741 1603 2774 adno-

124 2804 301 2843 tationem.

1247 2861 1311 2904 2*
