<?xml version="1.0" encoding="UTF-8"?>
<!DOCTYPE html PUBLIC "-//W3C//DTD XHTML 1.0 Transitional//EN"
    "http://www.w3.org/TR/xhtml1/DTD/xhtml1-transitional.dtd">
<html xmlns="http://www.w3.org/1999/xhtml" xml:lang="en" lang="en">
 <head>
  <title>
</title>
<meta http-equiv="Content-Type" content="text/html;charset=utf-8" />
  <meta name='ocr-system' content='tesseract 3.04.00' />
  <meta name='ocr-capabilities' content='ocr_page ocr_carea ocr_par ocr_line ocrx_word'/>
</head>
<body>
  <div class='ocr_page' id='page_1' title='image "4737218_0059.png"; bbox 0 0 1920 3188; ppageno 0'>
   <div class='ocr_carea' id='block_1_1' title="bbox 716 135 1005 179">
    <p class='ocr_par' dir='ltr' id='par_1_1' title="bbox 716 135 1005 179">
     <span class='ocr_line' id='line_1_1' title="bbox 716 135 1005 179; baseline -0.01 -5"><span class='ocrx_word' id='word_1_1' title='bbox 716 135 1005 179; x_wconf 75' lang='lat'><strong>...51-</strong></span> 
     </span>
    </p>
   </div>
   <div class='ocr_carea' id='block_1_2' title="bbox 110 265 1597 2361">
    <p class='ocr_par' dir='ltr' id='par_1_2' title="bbox 113 265 1596 815">
     <span class='ocr_line' id='line_1_2' title="bbox 232 265 1595 323; baseline -0.001 -12"><span class='ocrx_word' id='word_1_2' title='bbox 232 265 301 311; x_wconf 91' lang='lat' dir='ltr'><strong>Sic</strong></span> <span class='ocrx_word' id='word_1_3' title='bbox 329 265 420 310; x_wconf 91' lang='lat' dir='ltr'><strong>cod.</strong></span> <span class='ocrx_word' id='word_1_4' title='bbox 450 265 502 311; x_wconf 90' lang='lat' dir='ltr'><strong>M.</strong></span> <span class='ocrx_word' id='word_1_5' title='bbox 552 266 688 311; x_wconf 89' lang='lat' dir='ltr'><strong>Locus</strong></span> <span class='ocrx_word' id='word_1_6' title='bbox 705 268 935 313; x_wconf 61' lang='lat' dir='ltr'><strong>&gt;multorum</strong></span> <span class='ocrx_word' id='word_1_7' title='bbox 966 266 1231 310; x_wconf 76' lang='lat' dir='ltr'><strong>medicamina</strong></span> <span class='ocrx_word' id='word_1_8' title='bbox 1262 271 1457 323; x_wconf 84' lang='lat' dir='ltr'><strong>expertus</strong></span> <span class='ocrx_word' id='word_1_9' title='bbox 1487 278 1595 310; x_wconf 90' lang='lat' dir='ltr'><strong>nec-</strong></span> 
     </span>
     <span class='ocr_line' id='line_1_3' title="bbox 117 337 1596 394; baseline -0.001 -13"><span class='ocrx_word' id='word_1_10' title='bbox 117 339 210 381; x_wconf 86' lang='lat' dir='ltr'><strong>dum</strong></span> <span class='ocrx_word' id='word_1_11' title='bbox 240 342 495 392; x_wconf 68' lang='lat' dir='ltr'><strong>personatus,</strong></span> <span class='ocrx_word' id='word_1_12' title='bbox 545 338 660 388; x_wconf 82' lang='lat' dir='ltr'><strong>Quae</strong></span> <span class='ocrx_word' id='word_1_13' title='bbox 690 351 797 382; x_wconf 89' lang='lat' dir='ltr'><strong>nunc</strong></span> <span class='ocrx_word' id='word_1_14' title='bbox 818 337 1114 382; x_wconf 79' lang='lat' dir='ltr'><strong>recentissimis</strong></span> <span class='ocrx_word' id='word_1_15' title='bbox 1137 337 1363 381; x_wconf 79' lang='lat' dir='ltr'><strong>editoribus</strong></span> <span class='ocrx_word' id='word_1_16' title='bbox 1393 350 1468 394; x_wconf 88' lang='lat' dir='ltr'><strong>pro</strong></span> <span class='ocrx_word' id='word_1_17' title='bbox 1499 337 1596 380; x_wconf 87' lang='lat' dir='ltr'><strong>vul-</strong></span> 
     </span>
     <span class='ocr_line' id='line_1_4' title="bbox 114 407 1594 466; baseline -0.003 -13"><span class='ocrx_word' id='word_1_18' title='bbox 114 413 208 466; x_wconf 67' lang='lat' dir='ltr'><strong>gata</strong></span> <span class='ocrx_word' id='word_1_19' title='bbox 247 412 329 449; x_wconf 88' lang='lat' dir='ltr'><strong>est:</strong></span> <span class='ocrx_word' id='word_1_20' title='bbox 372 408 501 450; x_wconf 72' lang='lat' dir='ltr'><strong>aliam</strong></span> <span class='ocrx_word' id='word_1_21' title='bbox 519 409 631 461; x_wconf 67' lang='lat' dir='ltr'><strong>⁴fore</strong></span> <span class='ocrx_word' id='word_1_22' title='bbox 665 409 801 451; x_wconf 79' lang='lat' dir='ltr'><strong>laetae</strong></span> <span class='ocrx_word' id='word_1_23' title='bbox 837 410 900 451; x_wconf 75' lang='lat' dir='ltr'><strong>rei</strong></span> <span class='ocrx_word' id='word_1_24' title='bbox 935 410 1110 463; x_wconf 77' lang='lat' dir='ltr'><strong>facicm,</strong></span> <span class='ocrx_word' id='word_1_25' title='bbox 1166 420 1216 450; x_wconf 89' lang='lat' dir='ltr'><strong>ea</strong></span> <span class='ocrx_word' id='word_1_26' title='bbox 1258 407 1431 450; x_wconf 87' lang='lat' dir='ltr'><strong>debetur</strong></span> <span class='ocrx_word' id='word_1_27' title='bbox 1471 408 1594 450; x_wconf 89' lang='lat' dir='ltr'><strong>lectio</strong></span> 
     </span>
     <span class='ocr_line' id='line_1_5' title="bbox 113 476 1595 534; baseline -0.001 -13"><span class='ocrx_word' id='word_1_28' title='bbox 113 477 450 534; x_wconf 86' lang='lat' dir='ltr'><strong>Bezzenbergeri-</strong></span> <span class='ocrx_word' id='word_1_29' title='bbox 474 482 515 520; x_wconf 90' lang='lat' dir='ltr'><strong>et</strong></span> <span class='ocrx_word' id='word_1_30' title='bbox 543 477 766 520; x_wconf 86' lang='lat' dir='ltr'><strong>Heiniscbii</strong></span> <span class='ocrx_word' id='word_1_31' title='bbox 795 480 918 521; x_wconf 89' lang='lat' dir='ltr'><strong>curis.</strong></span> <span class='ocrx_word' id='word_1_32' title='bbox 986 479 1116 529; x_wconf 82' lang='lat' dir='ltr'><strong>Quam</strong></span> <span class='ocrx_word' id='word_1_33' title='bbox 1154 476 1370 521; x_wconf 88' lang='lat' dir='ltr'><strong>admodum</strong></span> <span class='ocrx_word' id='word_1_34' title='bbox 1401 478 1595 534; x_wconf 81' lang='lat' dir='ltr'><strong>speciose</strong></span> 
     </span>
     <span class='ocr_line' id='line_1_6' title="bbox 114 547 1594 606; baseline -0.001 -15"><span class='ocrx_word' id='word_1_35' title='bbox 114 550 315 591; x_wconf 91' lang='lat' dir='ltr'><strong>inventam</strong></span> <span class='ocrx_word' id='word_1_36' title='bbox 359 559 456 589; x_wconf 91' lang='lat' dir='ltr'><strong>esse</strong></span> <span class='ocrx_word' id='word_1_37' title='bbox 497 547 704 601; x_wconf 90' lang='lat' dir='ltr'><strong>concedo,</strong></span> <span class='ocrx_word' id='word_1_38' title='bbox 746 561 847 591; x_wconf 88' lang='lat' dir='ltr'><strong>vere</strong></span> <span class='ocrx_word' id='word_1_39' title='bbox 882 550 1086 592; x_wconf 90' lang='lat' dir='ltr'><strong>inventam</strong></span> <span class='ocrx_word' id='word_1_40' title='bbox 1117 559 1249 606; x_wconf 87' lang='lat' dir='ltr'><strong>nego,</strong></span> <span class='ocrx_word' id='word_1_41' title='bbox 1289 550 1386 592; x_wconf 89' lang='lat' dir='ltr'><strong>licet</strong></span> <span class='ocrx_word' id='word_1_42' title='bbox 1413 548 1594 591; x_wconf 86' lang='lat' dir='ltr'><strong>Halmius</strong></span> 
     </span>
     <span class='ocr_line' id='line_1_7' title="bbox 115 616 1595 674; baseline -0.001 -12"><span class='ocrx_word' id='word_1_43' title='bbox 115 632 205 662; x_wconf 89' lang='lat' dir='ltr'><strong>eam</strong></span> <span class='ocrx_word' id='word_1_44' title='bbox 234 616 429 668; x_wconf 70' lang='lat' dir='ltr'><strong>laudet*)</strong></span> <span class='ocrx_word' id='word_1_45' title='bbox 468 622 512 660; x_wconf 91' lang='lat' dir='ltr'><strong>ut</strong></span> <span class='ocrx_word' id='word_1_46' title='bbox 550 618 874 661; x_wconf 84' lang='lat' dir='ltr'><strong>emendationem</strong></span> <span class='ocrx_word' id='word_1_47' title='bbox 904 631 1035 674; x_wconf 82' lang='lat' dir='ltr'><strong>paene</strong></span> <span class='ocrx_word' id='word_1_48' title='bbox 1066 618 1309 663; x_wconf 84' lang='lat' dir='ltr'><strong>evidentem.</strong></span> <span class='ocrx_word' id='word_1_49' title='bbox 1370 618 1470 662; x_wconf 45' lang='lat' dir='ltr'><strong>Tuli«</strong></span> <span class='ocrx_word' id='word_1_50' title='bbox 1492 631 1595 662; x_wconf 89' lang='lat' dir='ltr'><strong>scn-</strong></span> 
     </span>
     <span class='ocr_line' id='line_1_8' title="bbox 115 688 1593 745; baseline -0.001 -12"><span class='ocrx_word' id='word_1_51' title='bbox 115 689 291 742; x_wconf 88' lang='lat' dir='ltr'><strong>tentiam,</strong></span> <span class='ocrx_word' id='word_1_52' title='bbox 319 689 403 745; x_wconf 75' lang='lat' dir='ltr'><strong>Jam</strong></span> <span class='ocrx_word' id='word_1_53' title='bbox 434 688 642 745; x_wconf 82' lang='lat' dir='ltr'><strong>probab03</strong></span> <span class='ocrx_word' id='word_1_54' title='bbox 670 701 754 732; x_wconf 92' lang='lat' dir='ltr'><strong>non</strong></span> <span class='ocrx_word' id='word_1_55' title='bbox 776 690 958 733; x_wconf 90' lang='lat' dir='ltr'><strong>virorum</strong></span> <span class='ocrx_word' id='word_1_56' title='bbox 984 690 1351 735; x_wconf 80' lang='lat' dir='ltr'><strong>illustrissimorum</strong></span> <span class='ocrx_word' id='word_1_57' title='bbox 1374 688 1484 733; x_wconf 92' lang='lat' dir='ltr'><strong>laudi</strong></span> <span class='ocrx_word' id='word_1_58' title='bbox 1515 689 1593 732; x_wconf 90' lang='lat' dir='ltr'><strong>de-</strong></span> 
     </span>
     <span class='ocr_line' id='line_1_9' title="bbox 115 755 1182 815; baseline 0.001 -13"><span class='ocrx_word' id='word_1_59' title='bbox 115 763 381 811; x_wconf 83' lang='lat' dir='ltr'><strong>tractaturus‚</strong></span> <span class='ocrx_word' id='word_1_60' title='bbox 414 755 490 800; x_wconf 90' lang='lat' dir='ltr'><strong>sed</strong></span> <span class='ocrx_word' id='word_1_61' title='bbox 519 759 612 813; x_wconf 86' lang='lat' dir='ltr'><strong>quia</strong></span> <span class='ocrx_word' id='word_1_62' title='bbox 644 759 783 801; x_wconf 87' lang='lat' dir='ltr'><strong>Tacito</strong></span> <span class='ocrx_word' id='word_1_63' title='bbox 814 760 984 803; x_wconf 86' lang='lat' dir='ltr'><strong>meliora</strong></span> <span class='ocrx_word' id='word_1_64' title='bbox 1014 761 1182 815; x_wconf 87' lang='lat' dir='ltr'><strong>cupiam.</strong></span> 
     </span>
    </p>

    <p class='ocr_par' dir='ltr' id='par_1_3' title="bbox 110 823 1597 2361">
     <span class='ocr_line' id='line_1_10' title="bbox 174 823 1595 886; baseline 0.001 -15"><span class='ocrx_word' id='word_1_65' title='bbox 174 823 176 825; x_wconf 67' lang='grc'>’</span> <span class='ocrx_word' id='word_1_66' title='bbox 230 829 323 873; x_wconf 87' lang='lat' dir='ltr'><strong>Duo</strong></span> <span class='ocrx_word' id='word_1_67' title='bbox 346 833 453 883; x_wconf 92' lang='lat' dir='ltr'><strong>sunt,</strong></span> <span class='ocrx_word' id='word_1_68' title='bbox 485 828 525 871; x_wconf 91' lang='lat' dir='ltr'><strong>in</strong></span> <span class='ocrx_word' id='word_1_69' title='bbox 549 829 695 885; x_wconf 90' lang='lat' dir='ltr'><strong>quibus</strong></span> <span class='ocrx_word' id='word_1_70' title='bbox 716 828 894 873; x_wconf 84' lang='lat' dir='ltr'><strong>offend0.</strong></span> <span class='ocrx_word' id='word_1_71' title='bbox 936 830 987 873; x_wconf 95' lang='lat' dir='ltr'><strong>Et</strong></span> <span class='ocrx_word' id='word_1_72' title='bbox 1004 831 1175 886; x_wconf 87' lang='lat' dir='ltr'><strong>primum</strong></span> <span class='ocrx_word' id='word_1_73' title='bbox 1194 829 1356 885; x_wconf 89' lang='lat' dir='ltr'><strong>quidem</strong></span> <span class='ocrx_word' id='word_1_74' title='bbox 1376 828 1595 873; x_wconf 87' lang='lat' dir='ltr'><strong>infinitivus</strong></span> 
     </span>
     <span class='ocr_line' id='line_1_11' title="bbox 110 900 1596 960; baseline 0 -18"><span class='ocrx_word' id='word_1_75' title='bbox 110 901 225 955; x_wconf 84' lang='lat' dir='ltr'><strong>fore,</strong></span> <span class='ocrx_word' id='word_1_76' title='bbox 257 900 326 960; x_wconf 85' lang='lat' dir='ltr'><strong>qui</strong></span> <span class='ocrx_word' id='word_1_77' title='bbox 356 905 498 942; x_wconf 90' lang='lat' dir='ltr'><strong>nostro</strong></span> <span class='ocrx_word' id='word_1_78' title='bbox 528 900 645 954; x_wconf 85' lang='lat' dir='ltr'><strong>loco,</strong></span> <span class='ocrx_word' id='word_1_79' title='bbox 683 906 727 943; x_wconf 90' lang='lat' dir='ltr'><strong>ut</strong></span> <span class='ocrx_word' id='word_1_80' title='bbox 756 905 869 943; x_wconf 88' lang='lat' dir='ltr'><strong>recte</strong></span> <span class='ocrx_word' id='word_1_81' title='bbox 899 900 1105 943; x_wconf 79' lang='lat' dir='ltr'><strong>Hoeferus</strong></span> <span class='ocrx_word' id='word_1_82' title='bbox 1137 900 1362 953; x_wconf 86' lang='lat' dir='ltr'><strong>adnotavit,</strong></span> <span class='ocrx_word' id='word_1_83' title='bbox 1394 900 1596 942; x_wconf 84' lang='lat' dir='ltr'><strong>obstinate</strong></span> 
     </span>
     <span class='ocr_line' id='line_1_12' title="bbox 112 970 1595 1027; baseline -0.001 -14"><span class='ocrx_word' id='word_1_84' title='bbox 112 974 323 1027; x_wconf 77' lang='lat' dir='ltr'><strong>repugnat.</strong></span> <span class='ocrx_word' id='word_1_85' title='bbox 361 970 519 1013; x_wconf 90' lang='lat' dir='ltr'><strong>Deinde</strong></span> <span class='ocrx_word' id='word_1_86' title='bbox 536 970 718 1025; x_wconf 87' lang='lat' dir='ltr'><strong>alterum,</strong></span> <span class='ocrx_word' id='word_1_87' title='bbox 737 970 847 1026; x_wconf 89' lang='lat' dir='ltr'><strong>quod</strong></span> <span class='ocrx_word' id='word_1_88' title='bbox 868 971 999 1027; x_wconf 75' lang='lat' dir='ltr'><strong>majiis</strong></span> <span class='ocrx_word' id='word_1_89' title='bbox 1021 976 1100 1014; x_wconf 86' lang='lat' dir='ltr'><strong>est:</strong></span> <span class='ocrx_word' id='word_1_90' title='bbox 1121 970 1407 1027; x_wconf 88' lang='lat' dir='ltr'><strong>intempestive</strong></span> <span class='ocrx_word' id='word_1_91' title='bbox 1426 970 1595 1014; x_wconf 89' lang='lat' dir='ltr'><strong>abrum-</strong></span> 
     </span>
     <span class='ocr_line' id='line_1_13' title="bbox 112 1039 1595 1097; baseline 0 -15"><span class='ocrx_word' id='word_1_92' title='bbox 112 1041 220 1096; x_wconf 91' lang='lat' dir='ltr'><strong>pitur</strong></span> <span class='ocrx_word' id='word_1_93' title='bbox 249 1045 290 1082; x_wconf 91' lang='lat' dir='ltr'><strong>et</strong></span> <span class='ocrx_word' id='word_1_94' title='bbox 318 1040 566 1095; x_wconf 88' lang='lat' dir='ltr'><strong>pervertitur</strong></span> <span class='ocrx_word' id='word_1_95' title='bbox 595 1041 780 1084; x_wconf 89' lang='lat' dir='ltr'><strong>oratione</strong></span> <span class='ocrx_word' id='word_1_96' title='bbox 811 1040 994 1096; x_wconf 88' lang='lat' dir='ltr'><strong>obliqua,</strong></span> <span class='ocrx_word' id='word_1_97' title='bbox 1026 1054 1145 1097; x_wconf 88' lang='lat' dir='ltr'><strong>quam</strong></span> <span class='ocrx_word' id='word_1_98' title='bbox 1169 1046 1338 1094; x_wconf 86' lang='lat' dir='ltr'><strong>vocant,</strong></span> <span class='ocrx_word' id='word_1_99' title='bbox 1371 1040 1441 1083; x_wconf 89' lang='lat' dir='ltr'><strong>tali</strong></span> <span class='ocrx_word' id='word_1_100' title='bbox 1471 1039 1595 1083; x_wconf 91' lang='lat' dir='ltr'><strong>modo</strong></span> 
     </span>
     <span class='ocr_line' id='line_1_14' title="bbox 115 1110 1596 1166; baseline 0 -14"><span class='ocrx_word' id='word_1_101' title='bbox 115 1110 235 1153; x_wconf 83' lang='lat' dir='ltr'><strong>inlata</strong></span> <span class='ocrx_word' id='word_1_102' title='bbox 267 1110 390 1158; x_wconf 86' lang='lat' dir='ltr'><strong>totius</strong></span> <span class='ocrx_word' id='word_1_103' title='bbox 421 1110 483 1153; x_wconf 87' lang='lat' dir='ltr'><strong>rei</strong></span> <span class='ocrx_word' id='word_1_104' title='bbox 514 1123 561 1153; x_wconf 87' lang='lat' dir='ltr'><strong>ac</strong></span> <span class='ocrx_word' id='word_1_105' title='bbox 591 1111 689 1153; x_wconf 88' lang='lat' dir='ltr'><strong>tanti</strong></span> <span class='ocrx_word' id='word_1_106' title='bbox 727 1110 970 1161; x_wconf 87' lang='lat' dir='ltr'><strong>discriminis</strong></span> <span class='ocrx_word' id='word_1_107' title='bbox 1011 1112 1210 1155; x_wconf 88' lang='lat' dir='ltr'><strong>concinna</strong></span> <span class='ocrx_word' id='word_1_108' title='bbox 1251 1111 1474 1166; x_wconf 86' lang='lat' dir='ltr'><strong>descriptio</strong></span> <span class='ocrx_word' id='word_1_109' title='bbox 1506 1110 1596 1153; x_wconf 89' lang='lat' dir='ltr'><strong>sive</strong></span> 
     </span>
     <span class='ocr_line' id='line_1_15' title="bbox 112 1176 1594 1236; baseline 0.001 -14"><span class='ocrx_word' id='word_1_110' title='bbox 112 1180 248 1235; x_wconf 86' lang='lat' dir='ltr'><strong>potius</strong></span> <span class='ocrx_word' id='word_1_111' title='bbox 279 1176 603 1236; x_wconf 80' lang='lat' dir='ltr'><strong>splendidissima</strong></span> <span class='ocrx_word' id='word_1_112' title='bbox 633 1181 798 1236; x_wconf 86' lang='lat' dir='ltr'><strong>pictura.</strong></span> <span class='ocrx_word' id='word_1_113' title='bbox 848 1181 1005 1225; x_wconf 87' lang='lat' dir='ltr'><strong>Etenim</strong></span> <span class='ocrx_word' id='word_1_114' title='bbox 1037 1182 1153 1225; x_wconf 86' lang='lat' dir='ltr'><strong>vide:</strong></span> <span class='ocrx_word' id='word_1_115' title='bbox 1185 1186 1346 1225; x_wconf 85' lang='lat' dir='ltr'><strong>narrata</strong></span> <span class='ocrx_word' id='word_1_116' title='bbox 1371 1186 1466 1224; x_wconf 89' lang='lat' dir='ltr'><strong>sunt</strong></span> <span class='ocrx_word' id='word_1_117' title='bbox 1486 1185 1594 1234; x_wconf 85' lang='lat' dir='ltr'><strong>ant-c,</strong></span> 
     </span>
     <span class='ocr_line' id='line_1_16' title="bbox 113 1249 1593 1308; baseline 0 -16"><span class='ocrx_word' id='word_1_118' title='bbox 113 1262 218 1306; x_wconf 89' lang='lat' dir='ltr'><strong>quae</strong></span> <span class='ocrx_word' id='word_1_119' title='bbox 234 1249 337 1293; x_wconf 83' lang='lat' dir='ltr'><strong>foris</strong></span> <span class='ocrx_word' id='word_1_120' title='bbox 350 1255 438 1293; x_wconf 87' lang='lat' dir='ltr'><strong>acta</strong></span> <span class='ocrx_word' id='word_1_121' title='bbox 452 1255 562 1293; x_wconf 88' lang='lat' dir='ltr'><strong>sunt:</strong></span> <span class='ocrx_word' id='word_1_122' title='bbox 592 1249 789 1294; x_wconf 88' lang='lat' dir='ltr'><strong>Anicetus</strong></span> <span class='ocrx_word' id='word_1_123' title='bbox 806 1251 1025 1295; x_wconf 85' lang='lat' dir='ltr'><strong>circumdat</strong></span> <span class='ocrx_word' id='word_1_124' title='bbox 1040 1252 1187 1305; x_wconf 87' lang='lat' dir='ltr'><strong>villam,</strong></span> <span class='ocrx_word' id='word_1_125' title='bbox 1204 1252 1369 1308; x_wconf 85' lang='lat' dir='ltr'><strong>januam</strong></span> <span class='ocrx_word' id='word_1_126' title='bbox 1390 1250 1593 1307; x_wconf 81' lang='lat' dir='ltr'><strong>refringit,</strong></span> 
     </span>
     <span class='ocr_line' id='line_1_17' title="bbox 115 1320 1593 1377; baseline 0 -14"><span class='ocrx_word' id='word_1_127' title='bbox 115 1320 259 1376; x_wconf 85' lang='lat' dir='ltr'><strong>abripit</strong></span> <span class='ocrx_word' id='word_1_128' title='bbox 297 1332 446 1364; x_wconf 86' lang='lat' dir='ltr'><strong>servos</strong></span> <span class='ocrx_word' id='word_1_129' title='bbox 487 1320 655 1373; x_wconf 86' lang='lat' dir='ltr'><strong>obvios,</strong></span> <span class='ocrx_word' id='word_1_130' title='bbox 695 1326 882 1377; x_wconf 87' lang='lat' dir='ltr'><strong>penetrat</strong></span> <span class='ocrx_word' id='word_1_131' title='bbox 919 1321 971 1364; x_wconf 88' lang='lat' dir='ltr'><strong>ad</strong></span> <span class='ocrx_word' id='word_1_132' title='bbox 1001 1322 1175 1365; x_wconf 87' lang='lat' dir='ltr'><strong>cubiculi</strong></span> <span class='ocrx_word' id='word_1_133' title='bbox 1205 1320 1335 1365; x_wconf 85' lang='lat' dir='ltr'><strong>fores.</strong></span> <span class='ocrx_word' id='word_1_134' title='bbox 1395 1321 1486 1364; x_wconf 88' lang='lat' dir='ltr'><strong>Jam</strong></span> <span class='ocrx_word' id='word_1_135' title='bbox 1516 1333 1593 1363; x_wconf 91' lang='lat' dir='ltr'><strong>se-</strong></span> 
     </span>
     <span class='ocr_line' id='line_1_18' title="bbox 115 1389 1593 1448; baseline -0.001 -14"><span class='ocrx_word' id='word_1_136' title='bbox 115 1394 304 1445; x_wconf 86' lang='lat' dir='ltr'><strong>quuntur,</strong></span> <span class='ocrx_word' id='word_1_137' title='bbox 336 1390 483 1446; x_wconf 90' lang='lat' dir='ltr'><strong>quibus</strong></span> <span class='ocrx_word' id='word_1_138' title='bbox 507 1389 751 1448; x_wconf 84' lang='lat' dir='ltr'><strong>depingitur,</strong></span> <span class='ocrx_word' id='word_1_139' title='bbox 783 1391 927 1447; x_wconf 85' lang='lat' dir='ltr'><strong>qualis,</strong></span> <span class='ocrx_word' id='word_1_140' title='bbox 959 1396 1175 1447; x_wconf 84' lang='lat' dir='ltr'><strong>antequam</strong></span> <span class='ocrx_word' id='word_1_141' title='bbox 1196 1396 1238 1434; x_wconf 85' lang='lat' dir='ltr'><strong>et</strong></span> <span class='ocrx_word' id='word_1_142' title='bbox 1260 1391 1355 1433; x_wconf 92' lang='lat' dir='ltr'><strong>dum</strong></span> <span class='ocrx_word' id='word_1_143' title='bbox 1384 1390 1452 1433; x_wconf 90' lang='lat' dir='ltr'><strong>illa</strong></span> <span class='ocrx_word' id='word_1_144' title='bbox 1481 1390 1593 1443; x_wconf 87' lang='lat' dir='ltr'><strong>fiunt,</strong></span> 
     </span>
     <span class='ocr_line' id='line_1_19' title="bbox 114 1461 1593 1516; baseline 0 -14"><span class='ocrx_word' id='word_1_145' title='bbox 114 1462 154 1502; x_wconf 88' lang='lat' dir='ltr'><strong>in</strong></span> <span class='ocrx_word' id='word_1_146' title='bbox 184 1461 371 1504; x_wconf 90' lang='lat' dir='ltr'><strong>cubiculo</strong></span> <span class='ocrx_word' id='word_1_147' title='bbox 402 1461 494 1516; x_wconf 89' lang='lat' dir='ltr'><strong>ipso</strong></span> <span class='ocrx_word' id='word_1_148' title='bbox 526 1461 650 1503; x_wconf 85' lang='lat' dir='ltr'><strong>fuerit</strong></span> <span class='ocrx_word' id='word_1_149' title='bbox 678 1474 816 1504; x_wconf 88' lang='lat' dir='ltr'><strong>rerum</strong></span> <span class='ocrx_word' id='word_1_150' title='bbox 847 1467 988 1504; x_wconf 86' lang='lat' dir='ltr'><strong>status.</strong></span> <span class='ocrx_word' id='word_1_151' title='bbox 1038 1462 1243 1516; x_wconf 88' lang='lat' dir='ltr'><strong>Modicum</strong></span> <span class='ocrx_word' id='word_1_152' title='bbox 1274 1462 1432 1516; x_wconf 74' lang='lat' dir='ltr'><strong>lumcn3</strong></span> <span class='ocrx_word' id='word_1_153' title='bbox 1462 1461 1593 1516; x_wconf 85' lang='lat' dir='ltr'><strong>magis</strong></span> 
     </span>
     <span class='ocr_line' id='line_1_20' title="bbox 117 1529 1595 1591; baseline 0 -19"><span class='ocrx_word' id='word_1_154' title='bbox 117 1542 166 1573; x_wconf 85' lang='lat' dir='ltr'><strong>ac</strong></span> <span class='ocrx_word' id='word_1_155' title='bbox 194 1531 325 1591; x_wconf 82' lang='lat' dir='ltr'><strong>magis</strong></span> <span class='ocrx_word' id='word_1_156' title='bbox 357 1531 476 1573; x_wconf 83' lang='lat' dir='ltr'><strong>anxia</strong></span> <span class='ocrx_word' id='word_1_157' title='bbox 506 1529 754 1587; x_wconf 87' lang='lat' dir='ltr'><strong>Agrippina,</strong></span> <span class='ocrx_word' id='word_1_158' title='bbox 796 1531 906 1586; x_wconf 89' lang='lat' dir='ltr'><strong>quod</strong></span> <span class='ocrx_word' id='word_1_159' title='bbox 949 1543 1071 1574; x_wconf 89' lang='lat' dir='ltr'><strong>nemo</strong></span> <span class='ocrx_word' id='word_1_160' title='bbox 1103 1544 1126 1574; x_wconf 87' lang='lat' dir='ltr'><strong>a</strong></span> <span class='ocrx_word' id='word_1_161' title='bbox 1155 1531 1261 1585; x_wconf 88' lang='lat' dir='ltr'><strong>filio,</strong></span> <span class='ocrx_word' id='word_1_162' title='bbox 1302 1543 1355 1572; x_wconf 88' lang='lat' dir='ltr'><strong>ne</strong></span> <span class='ocrx_word' id='word_1_163' title='bbox 1385 1530 1595 1587; x_wconf 83' lang='lat' dir='ltr'><strong>Agerinus</strong></span> 
     </span>
     <span class='ocr_line' id='line_1_21' title="bbox 114 1600 1594 1657; baseline -0.001 -14"><span class='ocrx_word' id='word_1_164' title='bbox 114 1601 274 1655; x_wconf 88' lang='lat' dir='ltr'><strong>quidem</strong></span> <span class='ocrx_word' id='word_1_165' title='bbox 295 1625 354 1632; x_wconf 93' lang='lat'>—</span> <span class='ocrx_word' id='word_1_166' title='bbox 378 1601 553 1643; x_wconf 84' lang='lat' dir='ltr'><strong>abeunte</strong></span> <span class='ocrx_word' id='word_1_167' title='bbox 585 1601 732 1643; x_wconf 76' lang='lat' dir='ltr'><strong>dehinc</strong></span> <span class='ocrx_word' id='word_1_168' title='bbox 762 1602 904 1645; x_wconf 87' lang='lat' dir='ltr'><strong>ancilla</strong></span> <span class='ocrx_word' id='word_1_169' title='bbox 935 1603 1104 1657; x_wconf 88' lang='lat' dir='ltr'><strong>respicit</strong></span> <span class='ocrx_word' id='word_1_170' title='bbox 1132 1601 1361 1644; x_wconf 84' lang='lat' dir='ltr'><strong>Anicetum.</strong></span> <span class='ocrx_word' id='word_1_171' title='bbox 1420 1600 1472 1643; x_wconf 90' lang='lat' dir='ltr'><strong>Et</strong></span> <span class='ocrx_word' id='word_1_172' title='bbox 1501 1613 1594 1642; x_wconf 91' lang='lat' dir='ltr'><strong>me-</strong></span> 
     </span>
     <span class='ocr_line' id='line_1_22' title="bbox 115 1670 1595 1725; baseline -0.001 -11"><span class='ocrx_word' id='word_1_173' title='bbox 115 1671 190 1714; x_wconf 88' lang='lat' dir='ltr'><strong>diis</strong></span> <span class='ocrx_word' id='word_1_174' title='bbox 221 1672 261 1714; x_wconf 91' lang='lat' dir='ltr'><strong>in</strong></span> <span class='ocrx_word' id='word_1_175' title='bbox 292 1671 355 1714; x_wconf 90' lang='lat' dir='ltr'><strong>his</strong></span> <span class='ocrx_word' id='word_1_176' title='bbox 385 1671 506 1714; x_wconf 85' lang='lat' dir='ltr'><strong>talem</strong></span> <span class='ocrx_word' id='word_1_177' title='bbox 542 1670 673 1715; x_wconf 85' lang='lat' dir='ltr'><strong>fuisse</strong></span> <span class='ocrx_word' id='word_1_178' title='bbox 704 1671 1113 1715; x_wconf 87' lang='lat' dir='ltr'><strong>considerationem?</strong></span> <span class='ocrx_word' id='word_1_179' title='bbox 1156 1671 1251 1714; x_wconf 92' lang='lat' dir='ltr'><strong>Non</strong></span> <span class='ocrx_word' id='word_1_180' title='bbox 1282 1670 1467 1725; x_wconf 90' lang='lat' dir='ltr'><strong>credam,</strong></span> <span class='ocrx_word' id='word_1_181' title='bbox 1506 1671 1595 1713; x_wconf 89' lang='lat' dir='ltr'><strong>sive</strong></span> 
     </span>
     <span class='ocr_line' id='line_1_23' title="bbox 114 1741 1597 1798; baseline -0.001 -14"><span class='ocrx_word' id='word_1_182' title='bbox 114 1743 273 1785; x_wconf 83' lang='lat' dir='ltr'><strong>tacitam</strong></span> <span class='ocrx_word' id='word_1_183' title='bbox 302 1741 409 1785; x_wconf 87' lang='lat' dir='ltr'><strong>illam</strong></span> <span class='ocrx_word' id='word_1_184' title='bbox 440 1743 531 1784; x_wconf 90' lang='lat' dir='ltr'><strong>sive</strong></span> <span class='ocrx_word' id='word_1_185' title='bbox 559 1742 778 1785; x_wconf 86' lang='lat' dir='ltr'><strong>verbosam</strong></span> <span class='ocrx_word' id='word_1_186' title='bbox 809 1743 1085 1798; x_wconf 87' lang='lat' dir='ltr'><strong>praeceperis.</strong></span> <span class='ocrx_word' id='word_1_187' title='bbox 1129 1742 1180 1784; x_wconf 90' lang='lat' dir='ltr'><strong>Et</strong></span> <span class='ocrx_word' id='word_1_188' title='bbox 1211 1742 1307 1797; x_wconf 90' lang='lat' dir='ltr'><strong>quid</strong></span> <span class='ocrx_word' id='word_1_189' title='bbox 1337 1741 1498 1785; x_wconf 86' lang='lat' dir='ltr'><strong>tandem</strong></span> <span class='ocrx_word' id='word_1_190' title='bbox 1529 1746 1597 1783; x_wconf 90' lang='lat' dir='ltr'><strong>aut</strong></span> 
     </span>
     <span class='ocr_line' id='line_1_24' title="bbox 115 1811 1595 1869; baseline -0.001 -15"><span class='ocrx_word' id='word_1_191' title='bbox 115 1812 191 1855; x_wconf 89' lang='lat' dir='ltr'><strong>sibi</strong></span> <span class='ocrx_word' id='word_1_192' title='bbox 234 1817 302 1856; x_wconf 87' lang='lat' dir='ltr'><strong>aut</strong></span> <span class='ocrx_word' id='word_1_193' title='bbox 343 1811 512 1856; x_wconf 88' lang='lat' dir='ltr'><strong>ancillae</strong></span> <span class='ocrx_word' id='word_1_194' title='bbox 548 1811 697 1855; x_wconf 89' lang='lat' dir='ltr'><strong>dixerit</strong></span> <span class='ocrx_word' id='word_1_195' title='bbox 724 1812 866 1855; x_wconf 81' lang='lat' dir='ltr'><strong>infelix</strong></span> <span class='ocrx_word' id='word_1_196' title='bbox 906 1812 994 1868; x_wconf 85' lang='lat' dir='ltr'><strong>illa,</strong></span> <span class='ocrx_word' id='word_1_197' title='bbox 1037 1812 1166 1869; x_wconf 84' lang='lat' dir='ltr'><strong>magis</strong></span> <span class='ocrx_word' id='word_1_198' title='bbox 1206 1825 1253 1855; x_wconf 89' lang='lat' dir='ltr'><strong>ac</strong></span> <span class='ocrx_word' id='word_1_199' title='bbox 1284 1812 1416 1869; x_wconf 86' lang='lat' dir='ltr'><strong>magis</strong></span> <span class='ocrx_word' id='word_1_200' title='bbox 1447 1812 1595 1854; x_wconf 84' lang='lat' dir='ltr'><strong>anxia?</strong></span> 
     </span>
     <span class='ocr_line' id='line_1_25' title="bbox 113 1882 1594 1939; baseline -0.002 -14"><span class='ocrx_word' id='word_1_201' title='bbox 113 1883 229 1926; x_wconf 83' lang='lat' dir='ltr'><strong>aliam</strong></span> <span class='ocrx_word' id='word_1_202' title='bbox 260 1883 353 1925; x_wconf 82' lang='lat' dir='ltr'><strong>fore</strong></span> <span class='ocrx_word' id='word_1_203' title='bbox 382 1883 514 1926; x_wconf 86' lang='lat' dir='ltr'><strong>laetae</strong></span> <span class='ocrx_word' id='word_1_204' title='bbox 544 1884 605 1925; x_wconf 88' lang='lat' dir='ltr'><strong>rei</strong></span> <span class='ocrx_word' id='word_1_205' title='bbox 635 1883 812 1927; x_wconf 82' lang='lat' dir='ltr'><strong>faciem?</strong></span> <span class='ocrx_word' id='word_1_206' title='bbox 842 1897 951 1926; x_wconf 90' lang='lat' dir='ltr'><strong>nunc</strong></span> <span class='ocrx_word' id='word_1_207' title='bbox 967 1883 1130 1939; x_wconf 87' lang='lat' dir='ltr'><strong>quidem</strong></span> <span class='ocrx_word' id='word_1_208' title='bbox 1150 1895 1246 1926; x_wconf 90' lang='lat' dir='ltr'><strong>esse</strong></span> <span class='ocrx_word' id='word_1_209' title='bbox 1266 1882 1525 1926; x_wconf 89' lang='lat' dir='ltr'><strong>solitudinem</strong></span> <span class='ocrx_word' id='word_1_210' title='bbox 1546 1894 1594 1923; x_wconf 89' lang='lat' dir='ltr'><strong>ac</strong></span> 
     </span>
     <span class='ocr_line' id='line_1_26' title="bbox 114 1952 1595 2009; baseline -0.001 -14"><span class='ocrx_word' id='word_1_211' title='bbox 114 1953 352 2008; x_wconf 89' lang='lat' dir='ltr'><strong>repentinos</strong></span> <span class='ocrx_word' id='word_1_212' title='bbox 372 1953 564 2009; x_wconf 86' lang='lat' dir='ltr'><strong>strepitus</strong></span> <span class='ocrx_word' id='word_1_213' title='bbox 582 1958 623 1996; x_wconf 88' lang='lat' dir='ltr'><strong>et</strong></span> <span class='ocrx_word' id='word_1_214' title='bbox 639 1954 813 1997; x_wconf 87' lang='lat' dir='ltr'><strong>extremi</strong></span> <span class='ocrx_word' id='word_1_215' title='bbox 828 1954 921 1997; x_wconf 87' lang='lat' dir='ltr'><strong>mali</strong></span> <span class='ocrx_word' id='word_1_216' title='bbox 936 1954 1114 1997; x_wconf 82' lang='lat' dir='ltr'><strong>indicia?</strong></span> <span class='ocrx_word' id='word_1_217' title='bbox 1135 1954 1186 1997; x_wconf 89' lang='lat' dir='ltr'><strong>Ut</strong></span> <span class='ocrx_word' id='word_1_218' title='bbox 1199 1953 1303 1996; x_wconf 88' lang='lat' dir='ltr'><strong>haec</strong></span> <span class='ocrx_word' id='word_1_219' title='bbox 1317 1952 1423 1996; x_wconf 87' lang='lat' dir='ltr'><strong>dicta</strong></span> <span class='ocrx_word' id='word_1_220' title='bbox 1440 1955 1595 2005; x_wconf 84' lang='lat' dir='ltr'><strong>essent,</strong></span> 
     </span>
     <span class='ocr_line' id='line_1_27' title="bbox 114 2021 1594 2081; baseline 0 -17"><span class='ocrx_word' id='word_1_221' title='bbox 114 2035 196 2065; x_wconf 89' lang='lat' dir='ltr'><strong>non</strong></span> <span class='ocrx_word' id='word_1_222' title='bbox 226 2024 280 2065; x_wconf 80' lang='lat' dir='ltr'><strong>ita</strong></span> <span class='ocrx_word' id='word_1_223' title='bbox 312 2023 485 2066; x_wconf 86' lang='lat' dir='ltr'><strong>debebat</strong></span> <span class='ocrx_word' id='word_1_224' title='bbox 515 2037 650 2079; x_wconf 86' lang='lat' dir='ltr'><strong>neque</strong></span> <span class='ocrx_word' id='word_1_225' title='bbox 674 2025 866 2069; x_wconf 86' lang='lat' dir='ltr'><strong>hocloco</strong></span> <span class='ocrx_word' id='word_1_226' title='bbox 890 2026 1068 2081; x_wconf 86' lang='lat' dir='ltr'><strong>scriptor</strong></span> <span class='ocrx_word' id='word_1_227' title='bbox 1089 2025 1263 2067; x_wconf 85' lang='lat' dir='ltr'><strong>referre.</strong></span> <span class='ocrx_word' id='word_1_228' title='bbox 1318 2023 1370 2066; x_wconf 81' lang='lat' dir='ltr'><strong>At</strong></span> <span class='ocrx_word' id='word_1_229' title='bbox 1388 2035 1470 2066; x_wconf 91' lang='lat' dir='ltr'><strong>non</strong></span> <span class='ocrx_word' id='word_1_230' title='bbox 1489 2021 1594 2064; x_wconf 86' lang='lat' dir='ltr'><strong>dicta</strong></span> 
     </span>
     <span class='ocr_line' id='line_1_28' title="bbox 114 2092 1596 2150; baseline -0.002 -14"><span class='ocrx_word' id='word_1_231' title='bbox 114 2098 219 2148; x_wconf 87' lang='lat' dir='ltr'><strong>sunt,</strong></span> <span class='ocrx_word' id='word_1_232' title='bbox 250 2106 385 2150; x_wconf 88' lang='lat' dir='ltr'><strong>neque</strong></span> <span class='ocrx_word' id='word_1_233' title='bbox 416 2099 634 2150; x_wconf 86' lang='lat' dir='ltr'><strong>potuerunt</strong></span> <span class='ocrx_word' id='word_1_234' title='bbox 663 2095 718 2138; x_wconf 91' lang='lat' dir='ltr'><strong>ita</strong></span> <span class='ocrx_word' id='word_1_235' title='bbox 748 2094 849 2138; x_wconf 71' lang='lat' dir='ltr'><strong>dici.</strong></span> <span class='ocrx_word' id='word_1_236' title='bbox 897 2095 1013 2139; x_wconf 84' lang='lat' dir='ltr'><strong>Licet</strong></span> <span class='ocrx_word' id='word_1_237' title='bbox 1042 2096 1148 2139; x_wconf 90' lang='lat' dir='ltr'><strong>enim</strong></span> <span class='ocrx_word' id='word_1_238' title='bbox 1181 2093 1417 2147; x_wconf 90' lang='lat' dir='ltr'><strong>concedam,</strong></span> <span class='ocrx_word' id='word_1_239' title='bbox 1448 2092 1596 2135; x_wconf 87' lang='lat' dir='ltr'><strong>dixerit</strong></span> 
     </span>
     <span class='ocr_line' id='line_1_29' title="bbox 114 2162 1594 2220; baseline -0.001 -14"><span class='ocrx_word' id='word_1_240' title='bbox 114 2163 358 2220; x_wconf 88' lang='lat' dir='ltr'><strong>Agrippina:</strong></span> <span class='ocrx_word' id='word_1_241' title='bbox 381 2164 485 2207; x_wconf 90' lang='lat' dir='ltr'><strong>haec</strong></span> <span class='ocrx_word' id='word_1_242' title='bbox 502 2177 585 2207; x_wconf 90' lang='lat' dir='ltr'><strong>non</strong></span> <span class='ocrx_word' id='word_1_243' title='bbox 604 2170 668 2208; x_wconf 90' lang='lat' dir='ltr'><strong>est</strong></span> <span class='ocrx_word' id='word_1_244' title='bbox 685 2165 818 2208; x_wconf 87' lang='lat' dir='ltr'><strong>laetae</strong></span> <span class='ocrx_word' id='word_1_245' title='bbox 838 2166 899 2208; x_wconf 90' lang='lat' dir='ltr'><strong>rei</strong></span> <span class='ocrx_word' id='word_1_246' title='bbox 917 2166 1060 2219; x_wconf 80' lang='lat' dir='ltr'><strong>iacies,</strong></span> <span class='ocrx_word' id='word_1_247' title='bbox 1084 2165 1259 2218; x_wconf 88' lang='lat' dir='ltr'><strong>attende,</strong></span> <span class='ocrx_word' id='word_1_248' title='bbox 1280 2163 1427 2218; x_wconf 91' lang='lat' dir='ltr'><strong>ecquid</strong></span> <span class='ocrx_word' id='word_1_249' title='bbox 1447 2162 1594 2206; x_wconf 77' lang='lat' dir='ltr'><strong>audis?</strong></span> 
     </span>
     <span class='ocr_line' id='line_1_30' title="bbox 113 2232 1592 2292; baseline -0.001 -17"><span class='ocrx_word' id='word_1_250' title='bbox 113 2234 314 2289; x_wconf 88' lang='lat' dir='ltr'><strong>repentini</strong></span> <span class='ocrx_word' id='word_1_251' title='bbox 343 2235 557 2292; x_wconf 84' lang='lat' dir='ltr'><strong>strepitus!</strong></span> <span class='ocrx_word' id='word_1_252' title='bbox 588 2241 628 2279; x_wconf 90' lang='lat' dir='ltr'><strong>at</strong></span> <span class='ocrx_word' id='word_1_253' title='bbox 657 2235 760 2279; x_wconf 86' lang='lat' dir='ltr'><strong>haec</strong></span> <span class='ocrx_word' id='word_1_254' title='bbox 789 2248 890 2279; x_wconf 85' lang='lat' dir='ltr'><strong>vero</strong></span> <span class='ocrx_word' id='word_1_255' title='bbox 922 2240 1017 2280; x_wconf 88' lang='lat' dir='ltr'><strong>sunt</strong></span> <span class='ocrx_word' id='word_1_256' title='bbox 1047 2235 1218 2279; x_wconf 87' lang='lat' dir='ltr'><strong>extremi</strong></span> <span class='ocrx_word' id='word_1_257' title='bbox 1236 2234 1329 2277; x_wconf 91' lang='lat' dir='ltr'><strong>mali</strong></span> <span class='ocrx_word' id='word_1_258' title='bbox 1348 2232 1511 2276; x_wconf 83' lang='lat' dir='ltr'><strong>indicia!</strong></span> <span class='ocrx_word' id='word_1_259' title='bbox 1537 2256 1592 2263; x_wconf 89' lang='lat'>—</span> 
     </span>
     <span class='ocr_line' id='line_1_31' title="bbox 113 2302 1592 2361; baseline -0.001 -16"><span class='ocrx_word' id='word_1_260' title='bbox 113 2316 194 2346; x_wconf 89' lang='lat' dir='ltr'><strong>non</strong></span> <span class='ocrx_word' id='word_1_261' title='bbox 225 2310 359 2348; x_wconf 88' lang='lat' dir='ltr'><strong>tamen</strong></span> <span class='ocrx_word' id='word_1_262' title='bbox 389 2308 520 2361; x_wconf 87' lang='lat' dir='ltr'><strong>potuit</strong></span> <span class='ocrx_word' id='word_1_263' title='bbox 550 2306 689 2350; x_wconf 86' lang='lat' dir='ltr'><strong>dicere</strong></span> <span class='ocrx_word' id='word_1_264' title='bbox 718 2320 767 2349; x_wconf 81' lang='lat' dir='ltr'><strong>cn</strong></span> <span class='ocrx_word' id='word_1_265' title='bbox 797 2307 1087 2349; x_wconf 78' lang='lat' dir='ltr'><strong>solitudinem!</strong></span> <span class='ocrx_word' id='word_1_266' title='bbox 1113 2311 1154 2348; x_wconf 92' lang='lat' dir='ltr'><strong>et</strong></span> <span class='ocrx_word' id='word_1_267' title='bbox 1182 2318 1293 2347; x_wconf 82' lang='lat' dir='ltr'><strong>nunc</strong></span> <span class='ocrx_word' id='word_1_268' title='bbox 1315 2302 1592 2346; x_wconf 85' lang='lat' dir='ltr'><strong>solitudinem!</strong></span> 
     </span>
    </p>
   </div>
   <div class='ocr_carea' id='block_1_3' title="bbox 231 2387 906 2445">
    <p class='ocr_par' dir='ltr' id='par_1_4' title="bbox 231 2387 906 2445">
     <span class='ocr_line' id='line_1_32' title="bbox 231 2387 906 2445; baseline 0.001 -15"><span class='ocrx_word' id='word_1_269' title='bbox 231 2387 346 2440; x_wconf 62' lang='lat' dir='ltr'><strong>Quidvr</strong></span> <span class='ocrx_word' id='word_1_270' title='bbox 367 2387 521 2431; x_wconf 78' lang='lat' dir='ltr'><strong>multa?</strong></span> <span class='ocrx_word' id='word_1_271' title='bbox 552 2387 791 2445; x_wconf 86' lang='lat' dir='ltr'><strong>Legendum</strong></span> <span class='ocrx_word' id='word_1_272' title='bbox 824 2393 906 2431; x_wconf 81' lang='lat' dir='ltr'><strong>est:</strong></span> 
     </span>
    </p>
   </div>
   <div class='ocr_carea' id='block_1_4' title="bbox 250 2477 1595 2609">
    <p class='ocr_par' dir='ltr' id='par_1_5' title="bbox 250 2477 1595 2609">
     <span class='ocr_line' id='line_1_33' title="bbox 253 2477 1595 2533; baseline -0.001 -10"><span class='ocrx_word' id='word_1_273' title='bbox 253 2479 466 2533; x_wconf 72' lang='lat' dir='ltr'><strong>Cubicula</strong></span> <span class='ocrx_word' id='word_1_274' title='bbox 495 2479 721 2524; x_wconf 78' lang='lat' dir='ltr'><strong>modicum</strong></span> <span class='ocrx_word' id='word_1_275' title='bbox 742 2480 888 2524; x_wconf 80' lang='lat' dir='ltr'><strong>lumen</strong></span> <span class='ocrx_word' id='word_1_276' title='bbox 909 2481 1063 2523; x_wconf 79' lang='lat' dir='ltr'><strong>inerat</strong></span> <span class='ocrx_word' id='word_1_277' title='bbox 1094 2483 1139 2521; x_wconf 82' lang='lat' dir='ltr'><strong>et</strong></span> <span class='ocrx_word' id='word_1_278' title='bbox 1170 2477 1446 2529; x_wconf 75' lang='lat' dir='ltr'><strong>ancillarum</strong></span> <span class='ocrx_word' id='word_1_279' title='bbox 1474 2492 1595 2531; x_wconf 72' lang='lat' dir='ltr'><strong>una3</strong></span> 
     </span>
     <span class='ocr_line' id='line_1_34' title="bbox 250 2541 1595 2609; baseline -0.001 -17"><span class='ocrx_word' id='word_1_280' title='bbox 250 2551 400 2607; x_wconf 71' lang='lat' dir='ltr'><strong>mayis</strong></span> <span class='ocrx_word' id='word_1_281' title='bbox 441 2563 496 2593; x_wconf 85' lang='lat' dir='ltr'><strong>ac</strong></span> <span class='ocrx_word' id='word_1_282' title='bbox 520 2551 681 2609; x_wconf 16' lang='lat' dir='ltr'><strong>‘maqis</strong></span> <span class='ocrx_word' id='word_1_283' title='bbox 724 2551 875 2595; x_wconf 72' lang='lat' dir='ltr'><strong>anxia</strong></span> <span class='ocrx_word' id='word_1_284' title='bbox 911 2541 1196 2608; x_wconf 62' lang='lat' dir='ltr'><strong>Agrippina,</strong></span> <span class='ocrx_word' id='word_1_285' title='bbox 1239 2549 1361 2608; x_wconf 82' lang='lat' dir='ltr'><strong>quod</strong></span> <span class='ocrx_word' id='word_1_286' title='bbox 1399 2563 1526 2594; x_wconf 78' lang='lat' dir='ltr'><strong>nemo</strong></span> <span class='ocrx_word' id='word_1_287' title='bbox 1566 2561 1595 2591; x_wconf 87' lang='lat' dir='ltr'><strong>a</strong></span> 
     </span>
    </p>
   </div>
   <div class='ocr_carea' id='block_1_5' title="bbox 123 2665 399 2676">
    <p class='ocr_par' dir='ltr' id='par_1_6' title="bbox 123 2665 399 2676">
     <span class='ocr_line' id='line_1_35' title="bbox 123 2665 399 2676; baseline 0 512"><span class='ocrx_word' id='word_1_288' title='bbox 123 2665 399 2676; x_wconf 95' lang='lat' dir='ltr'><strong> </strong></span> 
     </span>
    </p>
   </div>
   <div class='ocr_carea' id='block_1_6' title="bbox 204 2739 1255 2841">
    <p class='ocr_par' dir='ltr' id='par_1_7' title="bbox 204 2739 1255 2841">
     <span class='ocr_line' id='line_1_36' title="bbox 204 2739 1011 2786; baseline -0.001 -10"><span class='ocrx_word' id='word_1_289' title='bbox 204 2739 245 2785; x_wconf 71' lang='lat' dir='ltr'><strong>*J</strong></span> <span class='ocrx_word' id='word_1_290' title='bbox 269 2739 380 2786; x_wconf 80' lang='lat' dir='ltr'><strong>Jahn,</strong></span> <span class='ocrx_word' id='word_1_291' title='bbox 405 2739 550 2777; x_wconf 82' lang='lat' dir='ltr'><strong>Jahrbb.</strong></span> <span class='ocrx_word' id='word_1_292' title='bbox 577 2741 601 2777; x_wconf 81' lang='lat' dir='ltr'><strong>f.</strong></span> <span class='ocrx_word' id='word_1_293' title='bbox 623 2739 712 2777; x_wconf 62' lang='lat' dir='ltr'><strong>Pan.</strong></span> <span class='ocrx_word' id='word_1_294' title='bbox 739 2739 843 2780; x_wconf 81' lang='lat'><strong>1849.</strong></span> <span class='ocrx_word' id='word_1_295' title='bbox 870 2748 905 2785; x_wconf 80' lang='lat' dir='ltr'><strong>p.</strong></span> <span class='ocrx_word' id='word_1_296' title='bbox 930 2739 1011 2776; x_wconf 80' lang='lat'><strong>398.</strong></span> 
     </span>
     <span class='ocr_line' id='line_1_37' title="bbox 1187 2799 1255 2841; baseline 0 -17"><span class='ocrx_word' id='word_1_297' title='bbox 1187 2799 1216 2841; x_wconf 80' lang='grc'>4</span> <span class='ocrx_word' id='word_1_298' title='bbox 1232 2799 1255 2824; x_wconf 69' lang='lat' dir='ltr'><strong>’k</strong></span> 
     </span>
    </p>
   </div>
  </div>
 </body>
</html>
