1920 3188
881 102 1171 147 -52—

416 230 517 292 filio
544 245 598 277 ac
621 244 675 276 ne
698 231 932 290 Agerinus
963 231 1172 290 quidem5
1201 237 1258 276 at
1278 229 1400 290 jam
1429 226 1589 289 fores
1621 230 1766 272 atrii

420 302 647 364 fractae
676 305 915 348 miscent
934 302 1246 348 solitudinem
1275 315 1331 347 ac
1354 301 1620 357 repentinos
1650 304 1768 344 stre-

418 376 548 429 pitus
581 380 624 417 et
654 374 853 418 extremi
890 374 1002 417 mali
1038 374 1232 418 indicia.
1275 373 1463 417 abeunte
1499 370 1768 414 debinc-an-

420 444 531 488 cilla
564 472 616 480 --
653 450 732 501 „ta
773 455 945 504 qaoque
981 458 1051 489 me
1092 444 1302 490 deseris“
1345 441 1585 500 prolocuta
1615 471 1665 479 —
1699 454 1769 486 re-

420 517 566 570 spicit
596 515 849 559 Anicetum.

398 609 514 661 Quae
540 610 770 654 emendatio
795 611 884 666 ipsa
909 624 957 654 se
981 611 1142 655 videtur
1172 612 1276 654 tueri
1305 622 1444 667 posse.
1496 609 1645 651 Tamen
1679 607 1770 649 vide

281 681 333 722 de
370 681 500 723 verbo
539 682 712 723 miscere
743 682 911 734 Tacit0,
956 687 999 723 ut
1034 682 1143 724 aliud
1182 676 1355 731 nullum,
1394 680 1655 738 frequentato
1692 676 1770 738 hos

280 751 421 793 locos:
482 750 586 793 Ann.
618 751 648 803 I,
682 748 709 792 7
755 751 972 803 lacrimas,
1015 752 1232 807 9audimn,
1277 745 1466 806 questus,
1508 748 1772 792 adulationes

279 815 531 863 miscebant.
581 820 647 873 III,
680 821 737 862 22
774 822 882 863 adeo
915 823 1040 863 vertit
1068 836 1120 864 ac
1149 821 1315 862 miscuit
1343 821 1437 862 irae
1466 824 1506 862 et
1535 814 1773 879 clementiae

280 881 415 946 siyna.
462 890 528 945 111,
561 889 617 933 67
649 892 764 934 ausis
796 892 856 934 ad
889 890 1108 935 Caesarem
1140 890 1359 944 codicillis,
1393 889 1543 947 quibus
1570 888 1772 932 invidiam

282 968 322 1003 et
359 976 512 1016 preces
553 963 787 1004 miscuerat.
863 962 929 1015 IV,
968 961 1025 1003 68
1072 968 1273 1018 tanquam
1322 962 1453 1004 vetita
1498 952 1771 1004 miscuissent.

281 1031 387 1086 XIV,
420 1031 476 1075 36
523 1032 839 1075 exhortationes
878 1037 918 1074 et
942 1046 1095 1088 preces
1123 1033 1336 1077 miscebat.
1396 1033 1484 1086 XV,
1516 1030 1574 1075 28
1603 1036 1774 1086 uterque

282 1104 456 1145 dea-tras
498 1105 713 1145 miscuere.
783 1103 871 1155 XV,
904 1102 961 1144 68
1003 1104 1182 1146 consilia
1223 1118 1314 1146 cum
1351 1094 1517 1145 Vestino
1546 1115 1641 1149 ,non
1669 1101 1774 1143 mis—

284 1178 470 1215 cuerant.
530 1173 635 1227 XVI,
671 1171 724 1215 17
770 1173 905 1216 mixta
935 1174 1044 1216 inter
1068 1180 1235 1229 patrem
1262 1174 1473 1230 filiumque
1504 1163 1773 1229 conjuratio-f

281 1245 348 1285 nis
377 1244 554 1286 scientia
581 1245 765 1298 fingitur.
798 1244 902 1285 Hist.
922 1243 987 1297 III,
1013 1243 1070 1285 74
1093 1238 1230 1287 minas
1253 1238 1599 1299 adulationesque
1618 1243 1772 1293 miscet.

281 1313 330 1366 V,
369 1313 425 1355 22
472 1318 625 1356 cuncta
673 1314 929 1357 clamoribus
976 1314 1215 1359 miscebant.
1290 1315 1431 1373 Agric.
1474 1314 1531 1357 24
1574 1313 1774 1369 siquidem

282 1383 487 1425 Hibernia
520 1408 574 1414 —
607 1385 935 1427 valentissimam
973 1386 1138 1440 imperii
1171 1390 1336 1441 partem
1373 1385 1538 1441 maqnis
1567 1385 1612 1426 in
1644 1384 1774 1425 vicem

281 1453 427 1496 usibus
470 1455 692 1497 miscuerit.
761 1446 842 1497 Alii
883 1455 963 1498 loci
1006 1456 1047 1498 in
1090 1461 1279 1513 promptu
1322 1461 1416 1500 sunt
1452 1455 1575 1499 multi.
1637 1453 1775 1496 Verba

286 1530 422 1567 autem
455 1530 647 1580 corrupta
680 1526 741 1568 sic
773 1525 1044 1568 discernenda
1077 1528 1234 1582 putavi,
1265 1531 1309 1570 ut
1340 1540 1394 1569 ex
1424 1526 1551 1569 aliam
1579 1525 1676 1580 fore
1707 1524 1776 1566 la-

290 1601 396 1637 teret
422 1596 577 1649 faciem
607 1609 719 1638 nunc
749 1597 921 1651 primum
951 1596 1085 1639 fieret:

635 1690 682 1732 al
737 1690 823 1732 iam
879 1690 993 1744 sorel
1050 1695 1185 1734 aieret
1239 1691 1354 1745 facie
1414 1703 1566 1732 mnnnc

343 1758 492 1802 deinde
632 1765 678 1801 at
737 1761 822 1802 iam
879 1761 997 1814 fores
1051 1762 1151 1803 atrii
1237 1761 1378 1815 fracte
1414 1761 1586 1803 miscent

284 1858 473 1908 tanquam
510 1854 694 1908 genuina
733 1854 934 1908 scriptura
973 1855 1168 1909 prodiret.
1231 1854 1283 1898 cf.
1317 1854 1421 1908 XIV,
1460 1852 1531 1909 31,
1572 1853 1640 1896 ubi
1679 1852 1777 1894 item

281 1924 390 1977 facti
420 1935 495 1978 pro
525 1923 659 1976 fracti
689 1924 729 1965 in
762 1923 906 1966 codice
940 1929 1162 1968 exaratum.

810 2076 947 2127 Ann.
982 2076 1131 2144 XIV,
1172 2078 1258 2128 16.

428 2188 492 2229 Ne
524 2190 670 2229 tamen
703 2187 908 2231 ludicrae
941 2193 1115 2232 tantum
1148 2190 1439 2247 imperatoris
1466 2191 1594 2231 artes
1627 2192 1777 2231 notes-

427 2262 610 2313 cerent,
646 2261 894 2301 carminum
928 2273 1109 2317 quoque
1142 2260 1341 2303 studium
1374 2258 1638 2313 adfectavit,
1673 2271 1777 2300 con-

425 2330 585 2370 tractis
641 2330 807 2384 quibus
861 2330 1014 2386 aliqua.
1067 2330 1296 2387 pangendi
1349 2327 1541 2381 facultas
1589 2327 1777 2371 necdum

428 2400 619 2455 insignis
652 2398 823 2441 aetatis
856 2399 958 2441 nati
991 2399 1230 2442 considere
1260 2400 1410 2455 simul,
1439 2403 1486 2442 et
1508 2399 1674 2442 allatos
1705 2398 1777 2441 vel

428 2469 594 2510 ibidem
616 2473 850 2525 „repertos
910 2482 1077 2512 versus
1124 2474 1393 2513 connectere
1447 2472 1582 2527 atque
1633 2470 1779 2526 ipsius

428 2539 566 2581 verba
598 2552 783 2596 quoquo
814 2540 948 2583 modo
982 2539 1159 2596 prolata
1191 2540 1420 2597 supplere.

404 2631 572 2673 Multum
605 2643 728 2673 curae
760 2632 853 2675 huic
884 2633 978 2675 loco
1012 2632 1194 2676 sanando
1221 2632 1507 2688 impenderunt
1538 2632 1617 2675 viri
1648 2631 1779 2685 docti;

284 2701 503 2744 inseiiciter
541 2713 686 2744 omnes
713 2701 854 2756 Judice
887 2702 1121 2758 Walthem,
1163 2715 1286 2758 quem
1317 2702 1422 2747 vide.
1484 2703 1540 2747 At
1570 2702 1676 2747 idem
1703 2704 1779 2759 ju-
