1920 3188
724 170 1011 213 ...63-

244 299 353 343 Am.
383 299 465 354 III,
496 301 563 344 47.
609 301 655 345 In
683 307 859 346 mentem
889 302 1022 346 venit:
1063 302 1101 344 si
1129 315 1217 346 una
1245 302 1431 346 alterove
1461 302 1611 346 deitas

129 370 342 414 tur-bata
370 373 588 416 misceat
612 373 769 427 urbem,
798 374 910 417 uude
932 374 978 416 tn
996 372 1138 416 omnia
1159 373 1350 427 reqimen.
1391 373 1454 415 De
1478 374 1608 416 verbo

128 442 302 485 miscere
360 442 413 486 cf.
466 456 571 498 quae
614 444 894 488 adnotavimus
945 444 995 487 ad
1037 443 1141 497 XIV,
1181 442 1228 495 8;
1289 448 1329 485 et
1368 444 1609 498 praesertim

247 582 355 626 Arm.
388 582 470 637 III,
502 583 575 626 66.
620 584 856 642 Legendum
889 596 1067 629 censeo:
1113 583 1296 627 obscura
1317 583 1443 626 initia
1471 583 1610 638 impu-

128 653 318 696 dentibus
358 655 474 697 ausis
507 668 684 710 prope
719 656 936 699 eluebat
975 665 1034 698 sc.
1074 667 1129 698 ex
1160 654 1368 697 hominum
1399 655 1609 697 memoria.

128 722 180 766 cf.
211 723 241 778 Ι,
266 723 323 766 43
355 724 499 767 eluant
525 725 637 768 banc
665 726 883 769 maculam.

151 798 153 800 '
245 793 352 837 Ana.
376 795 454 848 IV,
482 795 547 838 51.
607 795 807 840 Proxima
843 802 992 852 sponte
1028 798 1269 839 incorum
1297 800 1484 851 recepta.
1544 795 1611 838 Sic

127 864 202 907 Ms.
232 864 389 922 Vulgo:
418 866 662 909 incolarum.
695 893 697 895 v
722 867 938 910 Praefero:
958 870 1183 923 juyomm5
1213 867 1265 910 de
1290 866 1471 911 castellis
1502 866 1609 908 enim

126 935 294 990 rupibus
321 935 456 979 inditis
488 936 559 990 (cf.
586 950 620 979 c.
643 936 724 990 46)
756 938 966 994 agebatur,
998 943 1039 980 et
1067 950 1174 992 quae
1205 942 1445 993 sequuntur,
1475 937 1541 979 vis
1571 941 1612 978 et

127 1004 357 1058 obsidium,
388 1006 520 1048 minus
551 1006 658 1048 bene
689 1006 740 1049 ad
769 1008 933 1050 incolas
962 1006 1171 1063 quadrant.
1260 1044 1268 1050 .

244 1074 349 1118 Anu.
380 1075 456 1128 XI,
487 1075 543 1117 16
585 1077 787 1131 cujus'si
827 1078 939 1131 filius
980 1101 1035 1109 —
1077 1078 1123 1119 in
1162 1089 1335 1132 requam
1378 1077 1611 1119 venisse

122 1158 291 1200 posse.
349 1146 689 1199 Testimesci5
718 1158 824 1201 quae
855 1147 944 1190 cod.
975 1147 1100 1190 verba
1131 1152 1323 1202 corrupta
1353 1147 1482 1204 vulgo
1514 1160 1609 1189 mu-

127 1221 210 1259 tant
239 1216 300 1259 iu:
332 1217 522 1270 venisset,
548 1228 679 1271 posse
708 1217 931 1260 extimesci.
981 1217 1036 1260 At
1066 1230 1149 1274 ego
1180 1217 1425 1260 crediderim
1455 1217 1608 1274 legen-

126 1286 221 1329 dum
264 1298 386 1330 esse:
428 1288 585 1329 bostem
620 1288 931 1330 aestimandum.
1006 1287 1135 1330 Nimis
1175 1288 1300 1344 friget
1335 1287 1433 1330 illud
1466 1300 1607 1342 posse.

126 1357 177 1399 Et
206 1358 417 1412 sequentia
447 1357 605 1399 hostem
636 1356 925 1400 demonstrant.

244 1427 352 1470 Anu.
384 1427 460 1479 XI,
490 1427 547 1469 22
578 1421 630 1470 de
658 1440 705 1470 se
733 1427 836 1470 noni
866 1460 875 1470 .
909 1459 918 1471 .
949 1458 959 1469 .
991 1428 1184 1469 conscios
1213 1439 1300 1469 non
1330 1427 1470 1469 edidit.
1523 1426 1609 1468 La-

128 1509 232 1540 cuna
262 1496 458 1540 tredecim
488 1497 732 1551 litterarum,
772 1509 891 1553 quam
923 1496 1078 1540 suadeo
1110 1497 1170 1540 sic
1201 1496 1395 1552 expleas:
1435 1497 1609 1538 nomi-

125 1568 296 1610 natim
324 1568 610 1621 confessus
640 1568 833 1610 conscios
861 1580 946 1609 non
976 1568 1116 1609 edidit.
1186 1566 1414 1620 Confessus
1442 1571 1612 1620 propter

128 1650 309 1693 sequeus
335 1639 540 1691 conscios,
571 1637 684 1682 velut
702 1637 973 1695 dittographia
996 1642 1121 1691 esset,
1152 1637 1283 1693 potuit
1304 1636 1445 1679 omitti.
1485 1635 1611 1679 Item-

128 1720 208 1762 que
236 1709 315 1749 ηὸῖ
347 1713 388 1750 et
416 1711 517 1750 nati*
537 1709 644 1750 inter
672 1721 722 1751 se
751 1709 952 1751 simillima
983 1713 1087 1750 sunt.

242 1776 348 1822 Anu.
381 1777 457 1833 XI,
486 1778 542 1820 27
586 1778 755 1836 audisse
785 1778 1002 1833 auspicum
1030 1777 1182 1830 verba,
1213 1777 1439 1830 subisse,
1469 1776 1611 1820 sacri-

123 1849 275 1901 ficasse
311 1849 430 1901 apud
469 1848 581 1890 deos.
656 1848 870 1891 Probabile
908 1847 1117 1890 videatur:
1155 1860 1181 1889 v
1195 1848 1398 1900 ovisse,
1440 1848 1611 1900 sacrifi-

127 1932 266 1969 easse;
316 1923 360 1961 ut
404 1918 615 1974 auspices,
667 1923 782 1973 vota,
826 1918 1067 1962 sacrificium
1105 1918 1184 1960 rite
1220 1922 1384 1973 nuptam
1422 1917 1609 1960 omnibus

126 1988 251 2032 rebus
282 1988 541 2032 Messalinam
571 1993 784 2032 testentur.

242 2057 354 2101 Arm.
385 2058 470 2110 XI,
491 2057 552 2101 28
590 2059 686 2102 dum
715 2059 864 2101 histrio
894 2058 1127 2101 cubiculum
1154 2058 1363 2113 principis
1392 2057 1609 2099 exulta—

125 2128 276 2171 bero.
321 2128 457 2184 Lege:
488 2129 712 2172 vitiaverit.
765 2129 868 2171 Nam
897 2142 954 2171 ex
982 2128 1143 2172 videtur
1170 2127 1608 2185 geminationesylla-

125 2198 203 2241 bae
232 2199 271 2242 is
300 2203 565 2244 contractum.
596 2198 648 2241 cf.
678 2198 783 2253 xm,
812 2198 883 2242 42.
915 2212 1184 2253 eorrumpere
1214 2198 1420 2242 cubicula.

241 2267 348 2311 Arm.
381 2268 457 2321 XI,
487 2269 551 2311 30
589 2281 697 2324 quae
725 2269 858 2312 idem
887 2271 1109 2325 opperiens
1138 2268 1348 2311 adstabat.
1409 2267 1491 2309 Aut
1522 2279 1607 2308 ex-

124 2339 249 2394 plica:
281 2352 387 2394 quae
415 2339 527 2383 idem
555 2352 615 2382 sc.
645 2344 848 2383 secretum
877 2344 921 2382 ut
950 2339 1137 2392 daretur,
1170 2338 1391 2394 opperiens
1422 2336 1607 2379 adstabat

124 2421 185 2453 sc.
214 2414 309 2452 ante
338 2409 454 2452 fores
485 2409 673 2453 cubiculi.
733 2409 818 2451 Aut
847 2409 962 2464 lege:
992 2411 1039 2451 in
1068 2410 1203 2451 domo.
1263 2408 1366 2450 Nam
1397 2406 1476 2450 soli
1507 2406 1607 2449 Cal-

125 2479 295 2534 purniae
326 2478 459 2522 datum
488 2484 579 2522 erat
608 2482 826 2524 secretum.

240 2548 347 2593 Anu.
378 2548 476 2601 XII,
507 2548 564 2590 33
606 2548 683 2592 sed
719 2553 804 2591 tum
842 2553 957 2591 astu
991 2548 1179 2591 locorum
1214 2547 1371 2602 fraude
1395 2548 1523 2603 prior
1556 2572 1609 2581 -

123 2620 392 2663 novissimam
432 2632 575 2663 casum
617 2619 843 2674 experitur.
910 2618 1150 2674 Legendum
1190 2631 1374 2663 censeo:
1415 2619 1492 2662 sed
1527 2624 1611 2661 tum

121 2690 276 2744 fastu
296 2713 355 2720 —-
377 2690 668 2745 experitur.
729 2689 888 2744 Quippe
911 2688 1133 2732 Caratacus
1162 2689 1255 2745 ipse
1286 2691 1341 2742 (c.
1367 2688 1444 2741 37)
1475 2701 1525 2732 se
1555 2701 1611 2730 ex

124 2764 206 2802 tam
250 2759 383 2815 amplo
425 2765 531 2804 statu
576 2758 808 2805 concidisse
849 2759 1066 2805 confitetur
1106 2765 1277 2817 propter
1314 2771 1430 2804 suam
1471 2771 1609 2802 rerum
