1920 3188
893 90 1181 134 ...50—

365 230 368 232 ’
438 234 542 266 nam
574 225 738 267 cuncta
767 225 897 265 extra
923 218 1179 265 Artaxatis
1211 235 1268 265 ac
1298 220 1428 265 intua
1459 221 1558 264 sole
1589 219 1783 264 illustria

439 292 588 337 fuere.

414 364 504 407 Hoc
519 374 521 376 ·
536 364 647 407 dico:
691 363 879 406 librarius
920 363 1066 417 aliquis
1105 364 1147 406 in
1176 364 1387 408 vocabulis
1418 368 1542 406 extra
1570 362 1784 404 artaxatis

297 434 430 489 (quod
459 435 589 489 potuit
619 437 813 488 corrupte
844 433 1038 488 scriptum
1070 434 1257 477 invenire
1294 435 1492 484 artatis)
1532 432 1783 488 geminatio-

296 516 391 546 nem
418 517 475 547 ra
504 517 558 547 ar
587 504 820 559 suspicatus
851 503 956 547 hanc
991 504 1187 560 syllabam
1219 505 1354 549 omisit
1392 508 1434 547 et
1464 502 1627 546 effinxit
1651 502 1781 544 tectis.

295 574 658 618 Deinde'actenus
688 575 896 629 frequenti
919 576 1239 630 transpositione
1269 575 1490 618 litterarum
1519 585 1596 629 pro
1627 574 1783 618 aolin-

295 650 375 699 tus,
406 650 452 688 'ut
480 645 567 698 XV,
587 643 644 687 54
668 646 855 700 suscipio
877 646 1149 700 :auspicia
1209 647 1273 689 De
1304 646 1493 690 sollemni
1524 644 1784 700 oppositione

295 720 421 758 extra
450 729 504 758 ac
532 717 646 757 intus
676 716 728 757 cf.
763 715 883 759 Caes.
917 716 959 758 Β.
992 716 1077 758 Civ.
1108 716 1173 770 111,
1204 716 1262 758 69
1295 730 1419 771 quum
1450 720 1574 758 extra
1605 719 1646 757 et
1672 715 1785 756 ium

294 786 452 828 hostem
482 785 695 828 haberent.

413 855 495 900 Sed
535 857 677 909 etiam,
718 868 826 910 quae
857 856 1076 898 Rhenanus
1116 857 1318 909 correxit,
1360 856 1496 910 paullo
1534 856 1652 898 aliter
1680 853 1783 896 reti-

296 925 442 969 cienda
474 938 571 969 esse
600 926 776 981 putabiS‚
809 925 845 968 si
868 925 1201 983 transpositionis
1225 925 1449 970 remedium
1480 925 1586 969 inter
1614 924 1783 982 gravis-

294 998 397 1039 sima
428 1006 645 1039 numerare
676 996 875 1052 religiose
906 998 1190 1039 consueveris.
1252 996 1418 1039 Etenim.
1446 996 1543 1051 quid
1573 995 1783 1048 31111αοί118,

294 1080 415 1121 quam
444 1066 587 1121 raptim
618 1078 693 1108 sua
725 1066 827 1108 sede
850 1067 1103 1110 exturbatam
1128 1066 1316 1110 voculam
1340 1072 1511 1121 repente
1539 1067 1646 1109 iuter
1675 1066 1780 1110 alie—

292 1137 465 1192 nigenas
496 1137 559 1178 ita
589 1141 629 1179 et
660 1141 798 1178 atram
828 1137 976 1179 nubem
1006 1149 1190 1192 ponere,
1233 1137 1401 1179 horrida
1442 1137 1646 1191 utrimque
1675 1136 1782 1179 vici-

292 1207 450 1249 nitate?
496 1206 720 1249 Lubentius
752 1206 937 1260 credam3
979 1207 1217 1261 particulam
1254 1208 1369 1263 quod
1401 1219 1477 1262 pro
1509 1206 1782 1263 dittograpbia

292 1277 466 1319 habitam
497 1281 592 1331 post
615 1281 786 1330 repente
815 1277 1099 1331 intercidisse,>
1129 1278 1223 1334 quia
1254 1282 1349 1320 ante
1373 1282 1542 1332 repente
1573 1281 1782 1321 exaratum

292 1346 368 1389 fuit
399 1348 501 1400 que,
533 1348 622 1388 sive
654 1346 708 1400 ᾳὸ
740 1347 766 1388 i.
801 1354 843 1388 e.'
871 1356 1006 1401 qurum.
1075 1348 1192 1391 Unde
1222 1353 1351 1391 totum
1381 1347 1517 1391 locum
1549 1348 1610 1390 sic
1640 1360 1663 1390 a
1695 1346 1780 1389 Τε-

292 1417 373 1459 cito
407 1416 629 1459 exhibitum
661 1417 779 1460 nobis
811 1416 964 1459 malim:

434 1487 635 1528 Adicitur
682 1486 942 1528 miraculum
992 1487 1120 1529 velut
1167 1490 1349 1530 numine
1395 1488 1617 1529 oblatum:
1681 1498 1778 1528 nam

433 1560 590 1599 cuncta
614 1560 744 1598 extra
767 1553 1022 1598 Artaxatis
1046 1569 1100 1599 ac
1120 1557 1246 1599 intus
1279 1558 1379 1600 sole
1411 1556 1606 1600 illustria
1628 1555 1778 1610 fuere,

433 1638 533 1667 cnm
563 1624 789 1682 repente,'
816 1627 937 1683 quod
978 1628 1213 1669 moenibus
1246 1628 1538 1685 cingebatur,
1582 1626 1652 1669 ita
1682 1630 1782 1668 atra

365 1710 367 1712 ·
435 1697 554 1739 nube
596 1701 864 1753 coopertum
908 1695 1258 1755 fulguribusque
1297 1699 1547 1741 discretum
1588 1702 1684 1750 est,
1732 1700 1783 1738 ut

434 1769 562 1823 quasi
596 1765 929 1810 infensantibus
961 1767 1058 1810 deis
1090 1770 1224 1811 exitio
1258 1768 1375 1812 tradi
1406 1768 1684 1811 crederetur.

832 1884 967 1933 Ann.
1004 1882 1150 1950 XIV,
1191 1886 1239 1935 8.

409 1976 633 2031 Anicetus,
680 1977 749 2031 qui
794 1989 990 2022 summam
1035 1978 1207 2022 sceleris
1252 1978 1443 2034 poposcit
1484 1991 1534 2021 ac
1579 1978 1775 2032 suscepit,

289 2048 543 2105 Agrippinae
583 2047 752 2090 caedem
795 2052 1104 2103 perpetraturus
1143 2049 1277 2094 villam
1323 2049 1501 2092 statione
1542 2047 1779 2100 circumdat,

289 2119 550 2172 refractaque
586 2119 712 2173 Janua
751 2118 898 2160 obvios
942 2131 1159 2161 servorum
1199 2120 1362 2174 abripit,
1405 2119 1537 2161 donec
1575 2118 1626 2161 ad
1663 2118 1780 2160 fores

288 2188 464 2230 cubiculi
495 2187 674 2239 veniret3
716 2187 782 2230 cui
823 2189 942 2242 pauci
974 2188 1205 2241 adstabant,
1248 2188 1398 2232 ceteris
1429 2192 1591 2232 terrore
1621 2188 1782 2232 inrum-

287 2259 467 2314 pentium
500 2258 732 2301 exterritis:

433 2329 653 2372 Cubicula
686 2328 903 2372 modicum
938 2330 1089 2373 lumen
1124 2332 1272 2373 inerat
1302 2333 1350 2373 et
1381 2330 1646 2374 ancillarum
1679 2342 1779 2384 una,

427 2402 577 2457 magis
610 2412 662 2442 ac
685 2401 832 2457 magis
860 2402 993 2442 anxia
1018 2403 1279 2458 Agrippina,
1315 2401 1438 2458 quod
1470 2413 1599 2443 nemo
1632 2414 1659 2443 a
1689 2400 1780 2444 filio

429 2481 481 2509 ac
512 2481 568 2510 ne
602 2470 829 2526 Agerinus
872 2470 1054 2526 quidem
1097 2469 1239 2512 aliam
1275 2467 1383 2528 fore
1414 2469 1582 2514 lateret
1610 2467 1781 2527 faciem

427 2549 545 2580 nunc
585 2539 876 2583 solitudinem
932 2553 986 2582 ac
1029 2542 1297 2598 repentinos
1348 2543 1571 2598 strepitus
1611 2545 1662 2583 et
1698 2537 1779 2582 'ex-

426 2611 562 2650 tremi
588 2610 694 2650 mali
726 2611 906 2652 indicia.
939 2612 1133 2654 abeunte
1161 2611 1321 2654 dehinc
1346 2610 1525 2667 ancilla,
1558 2615 1637 2668 „tu
1670 2624 1780 2669 quo-

426 2693 515 2737 que
548 2693 619 2723 me
652 2680 855 2724 deseris“
889 2682 1145 2738 prolocuta,
1178 2684 1371 2740 respicit
1402 2685 1650 2728 Anicetum.
