1920 3188
875 89 1162 133 -24-

394 221 487 264 Non
528 233 701 273 vereor,
743 233 797 263 ne
837 219 984 263 nimiae
1022 218 1219 281 audaciae
1250 222 1444 276 arguatur
1473 217 1586 270 haec
1608 217 1767 273 qualis-5

277 305 439 347 cunque
471 292 731 354 emendatio,
761 285 797 334 si
830 290 970 343 modo
967 279 1187 345 reputare.
1208 290 1311 332 velis
1343 304 1411 333 ae
1422 289 1667 353 saepissime
1697 289 1768 331 tit-

278 362 409 416 terula
439 376 461 405 e
491 363 533 415 in
563 361 774 406 codicibus
809 362 1002 417 scriptum
1029 365 1070 403 et
1095 365 1308 416 utramque
1339 362 1445 407 inter
1473 372 1521 403 se
1549 360 1605 403 in
1619 364 1767 404 nostro

277 446 446 489 quoque
476 433 621 477 codice
652 432 848 476 confundi
888 432 1148 484 sexcenties,
1188 432 1368 487 itemque
1411 431 1565 481 litteras
1598 431 1627 473 d
1657 435 1698 478 et
1727 443 1768 485 q,

276 518 301 545 r
332 509 372 547 et
405 505 454 557 l·,
489 505 519 559 s
542 508 583 547 et
614 518 641 563 ⁶.
677 502 937 547 similitudine
975 503 1106 560 magis
1137 504 1243 546 inter
1273 516 1320 546 se
1351 504 1495 552 affines
1525 514 1648 557 quam
1677 501 1768 544 dis-

278 566 755 617 similitudine‘diversas
795 586 893 623 esse
923 574 1199 618 concesseris.
1261 571 1449 629 Denique
1485 573 1596 630 finge
1626 572 1698 615 tibi
1726 572 1771 614 in

279 644 416 700 aliquo
456 645 684 701 antiquiore
726 644 872 688 codice
909 645 1103 699 scriptum
1143 644 1275 687 fuisse
1315 645 1448 699 equ
1469 638 1706 707 actionibus
1729 648 1771 685 et

279 716 401 758 facile
443 716 648 780 corrumpi
690 715 878 771 potuisse
924 715 1054 758 haec
1067 714 1147 758 duo
1191 714 1316 780 verba
1358 716 1399 757 in
1437 712 1771 770 edificationibus

280 798 364 829 non
395 799 529 842 aequo
561 786 810 842 pertinacius
842 774 1600 843 negabis..

396 858 452 899 At
494 858 584 913 ipsa
628 858 829 901 vocabula
875 858 1164 900 dubitationem
1206 856 1390 899 movent!
1457 856 1565 899 Novi
1607 855 1770 912 quidem

279 927 328 970 iis
352 927 488 971 Ovidii
518 929 637 983 lociS,
668 941 773 984 quos
805 928 922 972 affert
941 929 1223 980 Forcellinius,
1258 941 1341 970 non
1371 928 1449 970 nisi
1479 927 1598 970 ludos
1629 927 1769 969 Martis

281 999 491 1042 solemnes
537 1012 590 1042 eo
638 1000 802 1041 nomine
847 998 1068 1055 significari
1079 1013 1092 1050 3
1148 1004 1188 1041 et
1229 999 1378 1041 Festus
1420 1010 1586 1054 quoque
1629 997 1768 1040 tradit:

283 1070 469 1124 „equiria
498 1070 595 1122 ludi,
628 1081 733 1124 quos
764 1068 962 1111 Romulus
982 1069 1099 1111 Marti
1130 1069 1300 1111 instituit
1329 1078 1409 1124 per
1434 1079 1641 1123 equorum
1667 1079 1768 1109 cur-

280 1150 391 1191 sum,
433 1140 574 1194 quiin
604 1150 749 1195 campo
781 1139 927 1181 Martio
969 1139 1313 1181 exercebantur.“
1384 1136 1466 1181 Sed
1507 1143 1642 1180 tamen
1679 1132 1770 1193 ipse

287 1208 459 1252 Ovidius
502 1210 620 1263 dicit,
676 1223 730 1252 ex
771 1223 873 1251 vero
911 1210 1096 1263 positum
1138 1209 1361 1265 permansit
1409 1210 1582 1269 equiria¹
1604 1220 1770 1250 nomen.

282 1279 478 1332 (Fast.II,
510 1279 635 1332 859.)
709 1280 962 1322 Vocabulum
1003 1280 1127 1337 igitur
1167 1284 1369 1335 sumptum
1412 1285 1479 1322 est
1514 1293 1568 1323 ex
1606 1292 1669 1333 re,
1711 1292 1768 1322 sc.

282 1362 492 1404 equorum·
515 1363 651 1393 cursu.
715 1350 864 1399 Quidni
894 1351 1036 1393 Tacito
1059 1351 1240 1402 ⁴eandem
1271 1364 1358 1392 rem
1388 1350 1537 1393 eodem
1569 1350 1769 1393 vocabulo

281 1420 444 1462 licuerit
474 1420 696 1475 appellare,
728 1420 824 1463 licet
854 1433 936 1462 non
968 1421 1155 1463 sollemni
1185 1421 1251 1463 illa
1282 1421 1610 1478 significatione?
1644 1434 1770 1476 prae-

282 1491 423 1533 sertim
455 1503 578 1544 quum
617 1491 720 1533 alios
764 1504 931 1545 quoque
974 1491 1095 1533 ludos
1137 1504 1336 1546 equorum
1359 1483 1501 1533 'eursu
1540 1491 1770 1534 celebratos

282 1572 380 1602 esse
412 1572 466 1602 ex
496 1560 638 1603 Tacito
670 1560 762 1615 ipso
804 1562 1001 1604 constet?
1045 1561 1095 1603 cf.
1126 1562 1215 1615 XV,
1247 1560 1315 1603 74.
1387 1561 1437 1604 Et
1468 1561 1564 1616 quid
1594 1561 1771 1616 denique

280 1630 347 1671 hic
377 1629 497 1673 locus
536 1631 669 1686 magis
709 1630 917 1673 desiderat
955 1645 1075 1685 quam
1115 1631 1156 1673 id
1186 1632 1343 1686 ipsum,
1384 1636 1428 1673 ut
1456 1632 1578 1674 luxus
1600 1631 1772 1687 >quidam

282 1699 530 1742 insolentior
572 1704 613 1741 et
658 1712 781 1755 supra
827 1712 983 1743 morem
1029 1706 1173 1744 auctus
1219 1702 1524 1751 recenseatur?
1581 1701 1771 1751 Ceterum

282 1781 447 1812 cursum
486 1770 754 1825 et·regimen
798 1783 997 1824 equorum
1042 1772 1149 1819 inter
1187 1772 1481 1816 oblectamenta
1503 1773 1772 1827 3principibus

280 1839 484 1892 habitum,
519 1840 771 1895 juvenilibus
809 1842 1051 1895 praesertim
1089 1842 1224 1893 annis,
1268 1847 1309 1885 et
1345 1856 1426 1898 per*
1462 1855 1510 1885 se
1549 1843 1771 1893 verisimile

283 1915 347 1953 est
387 1914 429 1952 et
466 1909 647 1960 firmatur
685 1911 757 1964 iis,
804 1924 910 1971 quae
950 1907 1115 1955 Tacitus
1159 1912 1210 1955 de
1249 1913 1417 1956 Nerone
1459 1912 1612 1956 diserte
1653 1914 1773 1957 tradit

282 1980 388 2022 Ann.
416 1980 521 2033 XIII,
551 1980 592 2023 4.

398 2049 650 2094 Actionibus
692 2052 861 2107 primam
905 2058 944 2094 et
982 2054 1186 2108 propriam
1226 2055 1565 2111 significationem
1603 2068 1701 2099 esse
1731 2057 1772 2099 in

281 2122 407 2164 rebus
439 2122 630 2175 scenicis,
663 2128 703 2164 et
736 2123 787 2165 de
810 2110 1090 2176 histrionibus,
1122 2125 1227 2166 sicut
1253 2124 1304 2166 de
1327 2126 1559 2169 oratoribus
1582 2128 1772 2183 usurpari

282 2192 382 2234 satis
413 2196 575 2246 notum,
609 2197 650 2234 et
682 2198 845 2248 praeter
875 2193 979 2238 alios
1010 2182 1051 2237 hi
1083 2194 1163 2238 duo
1196 2195 1278 2238 loci
1310 2194 1474 2245 docent.
1517 2196 1600 2240 Cic.
1635 2197 1705 2241 Or.
1723 2199 1771 2252 II,

285 2261 349 2304 17.
411 2261 589 2305 Accedit
631 2266 776 2306 actio
824 2277 910 2306 non
953 2267 1119 2320 traqica
1159 2279 1238 2307 nec
1282 2279 1456 2317 scenae,
1493 2267 1570 2309 sed
1604 2269 1771 2311 modica

272 2335 512 2387 jactatione
557 2335 777 2389 corporis,
827 2335 944 2378 vultu
986 2341 1123 2379 tamen
1169 2336 1299 2379 multa
1343 2338 1595 2393 confidem-55
1640 2345 1681 2382 et
1721 2340 1771 2383 ad
1805 2356 1809 2359 ’

282 2403 391 2446 Fam.
416 2404 464 2457 V,
494 2404 561 2457 12,
596 2404 661 2447 19.
724 2406 934 2449 secernas
962 2407 1071 2449 lianc
1101 2408 1223 2460 quasi
1250 2407 1443 2460 fabulam
1472 2398 1770 2465 rerumleven-

283 2478 503 2528 torumque
545 2479 798 2516 nostrorum.
870 2476 1009 2518 Habet
1049 2477 1155 2518 enim
1195 2477 1340 2519 varios
1380 2480 1501 2520 actus
1540 2466 1771 2535 multasque

282 2544 548 2585 actiones
588 2550 627 2586 et
669 2546 939 2588 consiliorum
978 2551 1018 2588 et
1057 2551 1294 2603 temporum.
1358 2548 1511 2591 Confer
1542 2549 1661 2592 etiam
1692 2550 1769 2592 Vi-

281 2618 384 2656 truv.
410 2613 458 2666 V,
491 2610 530 2655 7.
565 2613 605 2656 2.
641 2615 756 2667 ide0,
790 2618 905 2671 quod
932 2619 1052 2673 apud
1080 2631 1152 2660 eos
1182 2617 1408 2675 (Graecos)
1441 2621 1591 2674 traqici
1622 2626 1662 2663 et
1691 2635 1769 2664 co-

281 2685 377 2726 mici
408 2689 576 2728 actores
605 2685 651 2727 in
680 2698 809 2729 scena
835 2693 1068 2743 peramant,
1106 2690 1260 2745 reliqui
1291 2694 1426 2732 autem
1456 2691 1638 2746 artifices
1666 2705 1770 2736 suas
