1920 3188
832 91 1089 131 -4—

220 219 259 261 id
284 232 336 260 ne
362 220 453 274 quis
483 219 580 261 mihi
612 220 651 260 in
683 219 836 261 crimen
861 218 1129 276 adrogantiae
1156 222 1223 260 aut
1246 218 1525 260 contumaciae
1558 218 1702 261 detor-

221 294 366 344 queat,
398 290 582 344 impense
614 289 676 331 his
710 302 785 331 oro
816 301 1020 345 rogoque.

340 360 639 415 „Conjecturae
671 361 712 401 in
744 360 870 401 Taciti
899 360 1062 414 scriptis
1094 372 1175 401 non
1208 364 1416 400 extremus
1447 360 1522 401 sed
1548 361 1702 414 prima-

220 430 308 471 rius
340 430 482 482 locuS,
528 442 605 471 nec
637 430 833 472 incertum
860 431 930 485 J'us
963 434 1031 472 aut
1061 430 1245 485 precaria
1275 430 1381 482 vita,
1425 428 1499 471 sed
1530 442 1702 486 regnum

221 505 342 553 atque
375 501 565 553 potentia.
628 500 811 553 Superba
838 504 970 541 autem
997 505 1118 553 atque
1144 499 1295 541 libidini
1325 501 1512 553 proxima
1543 512 1703 554 regno-

220 583 309 611 rum
341 570 515 626 ingenia.
578 570 714 620 Quare
744 569 862 627 leges
895 569 1129 625 ponendae,
1156 570 1301 625 quibus
1334 571 1573 613 coerceaS.“
1638 568 1705 613 Sic

223 641 471 695 Seyffertus,
515 642 577 682 vir
617 641 900 692 doctissimus,
949 642 988 680 in
1020 640 1275 693 praefatione
1322 640 1446 680 libelli
1488 640 1704 681 Emenda-

223 713 357 753 tiones
378 710 598 763 Tacitea35
630 715 670 752 et
692 722 793 765 quas
825 709 1017 765 deinceps
1048 709 1166 765 leges
1193 709 1260 752 ille
1289 723 1344 752 ex
1364 710 1702 765 interpretatione

224 783 536 834 sententiarum,
569 795 622 823 ex
652 794 731 823 usu
763 770 977 836 scriptoris
1000 786 1040 823 et
1063 781 1248 823 codicum
1271 782 1437 836 ingenio
1471 782 1547 823 sibi
1577 793 1704 835 prae-

224 853 395 906 scriptas
440 853 622 893 breviter
665 852 855 906 exponit,
902 864 973 893 eas
1012 857 1052 893 et
1095 851 1188 892 mihi
1230 851 1466 905 sequendas
1514 851 1705 893 constitui

222 923 354 976 iisque
386 923 438 963 ita
472 921 709 976 adstipulor,
743 926 787 962 ut
818 921 928 975 quod
960 921 1115 974 addam,
1147 920 1243 962 nihil
1276 920 1491 975 quidquam
1522 921 1704 962 habeam.

221 992 265 1032 In
298 992 378 1033 hoc
410 992 501 1033 solo
534 992 707 1046 paullum
730 1004 820 1033 mea
853 990 984 1032 differt
1016 991 1064 1032 ab
1097 991 1202 1033 illius
1235 991 1311 1032 viri
1343 991 1559 1043 sententia,
1591 990 1702 1047 quod

223 1062 355 1103 Medd.
388 1062 582 1104 librorum
614 1062 771 1103 scribas
803 1073 886 1103 non
918 1066 995 1103 tam
1028 1062 1181 1103 incuria
1211 1066 1251 1103 et
1278 1061 1553 1115 festinatione,
1586 1074 1705 1115 quam

223 1133 343 1174 nimia
375 1145 472 1174 cura
505 1137 546 1174 et
578 1133 697 1174 anxia
729 1131 900 1186 quadam
934 1132 1204 1186 trepidatione
1235 1133 1474 1187 plerumque
1505 1145 1706 1187 peccasse

221 1208 371 1256 putem.
433 1202 534 1244 Nam
566 1204 737 1257 primum
762 1203 816 1244 illi
842 1202 995 1256 aliquot
1024 1202 1127 1244 locis
1158 1202 1391 1245 lacunarum
1423 1204 1594 1257 spatium
1625 1204 1705 1244 tam

223 1273 442 1328 diligenter
474 1278 746 1328 accurateque
770 1278 1028 1326 notaverunt,
1058 1277 1102 1314 ut
1123 1272 1243 1315 facile
1267 1274 1460 1329 conjicias
1484 1278 1553 1315 aut
1575 1273 1706 1316 fuisse

224 1356 295 1385 eas
327 1345 367 1384 in
399 1344 622 1399 archetypo
654 1349 722 1386 aut
753 1349 919 1398 propter
948 1342 1159 1396 vitandae,
1194 1356 1299 1398 quae
1331 1344 1452 1386 dubia
1480 1344 1705 1396 videbatur,

224 1414 522 1470 dittographiae
574 1413 749 1456 studium
797 1415 850 1456 ita
902 1414 1082 1469 signatas
1127 1426 1235 1456 esse.
1320 1414 1579 1470 Quapropter
1623 1426 1705 1456 non

221 1497 418 1538 possum,
460 1485 558 1538 quin
601 1490 642 1525 et
677 1485 838 1526 ceteras
868 1484 1035 1526 lacunas
1067 1496 1149 1525 non
1181 1484 1363 1540 signatas
1394 1490 1462 1526 aut
1492 1485 1707 1538 antiquiori

223 1554 343 1595 alicui
371 1555 475 1596 libro
500 1555 673 1596 tribuam
696 1559 764 1596 aut
785 1567 838 1595 ex
861 1555 1023 1608 opinata
1043 1566 1091 1595 ac
1113 1554 1248 1608 paullo
1272 1554 1551 1596 manifestiore
1578 1554 1705 1598 ditto-.

222 1625 394 1680 graphia
436 1625 637 1680 originem
680 1624 852 1666 duxisse
898 1636 1103 1666 censeam.
1177 1624 1335 1666 Deinde
1377 1624 1482 1666 haud
1525 1625 1612 1666 scio
1656 1636 1706 1665 an

223 1694 374 1746 foedae
398 1695 501 1736 istae
524 1695 745 1737 verborum
773 1706 1010 1750 compages,
1041 1698 1120 1736 tam
1152 1694 1351 1751 religiose
1376 1699 1578 1748 servatae,
1610 1693 1706 1749 plu-

222 1766 336 1809 ribus
367 1766 503 1821 potius
535 1779 654 1821 quam
685 1767 756 1808 uni
786 1766 881 1808 huic
913 1766 1036 1808 anxio
1067 1766 1233 1807 librario
1260 1765 1391 1808 fraudi
1424 1766 1513 1808 sint.
1573 1765 1706 1807 Deni-

224 1850 306 1891 que
345 1842 483 1878 extant
520 1838 560 1878 in
593 1836 804 1877 codicibus
835 1836 970 1877 Medd.
1009 1835 1230 1877 litterarum
1270 1836 1468 1890 quaedam
1501 1835 1706 1891 deprava-

224 1908 383 1959 tiones,
415 1911 458 1948 ut
488 1920 534 1959 r,
565 1920 610 1956 v,
643 1907 667 1947 b
700 1906 834 1956 vela,
865 1906 940 1955 ha,
967 1906 1040 1959 fa,
1071 1906 1137 1947 vel
1159 1907 1198 1960 f,
1224 1911 1261 1956 t,
1293 1907 1328 1957 l,
1368 1919 1494 1960 quae,
1525 1911 1570 1948 ut
1599 1919 1706 1949 nova

223 1977 321 2018 inde
353 1977 552 2017 vocabula
584 1976 897 2028 descenderent,
931 1977 1204 2030 corruptionis
1238 1976 1387 2017 scalam
1414 1977 1532 2018 trium
1562 1977 1706 2018 saltem

224 2047 424 2105 graduum
471 2059 629 2102 ponere
686 2052 848 2103 cogant.
930 2046 1065 2088 Taceo
1115 2047 1413 2102 geminationes
1460 2048 1704 2103 syllabarum

225 2131 318 2159 cum
350 2118 437 2159 aliis
476 2118 642 2171 syllabis
674 2118 715 2157 in
746 2129 893 2158 novam
929 2129 1076 2158 vocem
1107 2118 1160 2158 ita
1197 2118 1388 2165 coalitae,
1433 2123 1477 2159 ut
1507 2119 1605 2159 satis
1636 2118 1705 2159 tibi

224 2188 393 2231 videare
425 2187 603 2241 habere,
647 2200 887 2243 compagem
919 2188 1053 2241 istam,
1093 2200 1174 2230 non
1207 2188 1325 2238 etiam
1357 2189 1485 2243 ipsam
1516 2189 1706 2245 gemina-
1734 2175 1744 2186 ’

225 2260 377 2301 tionem
409 2259 448 2300 in
482 2259 612 2300 nostri
642 2258 793 2300 librarii
827 2258 983 2313 culpam
1015 2263 1135 2312 atque
1166 2272 1304 2301 curam
1337 2258 1574 2301 transferre.
1635 2259 1706 2301 His

223 2330 349 2385 igitur
375 2341 455 2384 ego
487 2329 683 2382 adducor,
714 2334 757 2371 ut
787 2328 921 2371 Medd.
950 2329 1079 2370 libros
1112 2341 1192 2370 non
1226 2341 1279 2370 ex
1312 2330 1463 2383 optimo
1496 2334 1535 2370 et
1565 2330 1706 2383 paucis

225 2399 442 2441 admodum
469 2400 575 2441 vitiis
602 2399 749 2441 affecto
782 2399 1004 2453 exemplari
1029 2399 1270 2453 descriptos,
1302 2399 1376 2441 sed
1408 2412 1462 2440 ex
1487 2399 1555 2441 tali
1583 2401 1707 2453 puta-

224 2469 355 2513 verim
386 2468 541 2523 trepida
573 2469 780 2524 diligentia
812 2481 1054 2523 expressos,
1087 2468 1196 2523 quod
1221 2474 1288 2511 aut
1318 2470 1485 2524 primam
1516 2474 1584 2512 aut
1614 2469 1707 2511 for-

225 2551 298 2582 san
330 2539 498 2581 alteram
539 2539 698 2581 demum
740 2540 895 2581 erroris
933 2538 1078 2581 faciem
1110 2540 1351 2582 exhibuerit.
1413 2540 1528 2588 Quae
1559 2541 1706 2591 omnia,

223 2615 270 2652 ut
298 2610 365 2651 hic
395 2612 477 2651 non
508 2609 674 2664 longius
705 2608 1004 2664 persequenda,
1037 2603 1089 2651 ita
1120 2609 1224 2652 infra
1248 2609 1446 2663 exemplis
1476 2610 1576 2664 ipsis
1606 2621 1707 2664 pro-

225 2680 355 2724 banda
389 2684 519 2723 erunt.
579 2680 719 2734 Itaque
750 2679 846 2721 nihil
877 2679 1045 2734 amplius
1077 2681 1221 2723 morati
1253 2679 1303 2723 ad
1333 2693 1419 2721 rem
1451 2680 1706 2723 accedamus.
