1920 3188
825 98 1090 138 -6-

209 225 333 280 nique
367 230 411 267 ut
447 225 628 282 ingenue
660 225 876 279 profitear,
923 223 1033 278 quod
1068 224 1222 276 sentio,
1267 224 1574 267 emendationes
1606 237 1695 277 eae,

210 308 318 350 quae
358 293 491 337 adhuc
531 300 708 338 tentatae
749 299 865 346 sunt,
909 294 1111 337 communi
1152 305 1297 336 omnes
1337 293 1565 349 eodemque
1596 295 1695 337 vitio

208 365 417 418 laborant,
462 363 573 420 quod
611 364 852 422 cogitationi
893 375 1045 406 novum
1082 363 1231 419 aliquid
1273 369 1313 406 et
1352 377 1374 406 a
1406 364 1697 407 sententiarum

209 447 321 477 nexu
352 435 527 477 alienum
558 435 825 490 suppeditant.
888 433 996 475 Nihil
1026 434 1148 486 aliud,
1180 434 1290 489 quod
1322 434 1510 489 equidem
1541 434 1696 477 intelli-

209 516 324 561 gam,
366 504 515 559 patitur
549 504 667 547 locus
709 504 787 546 nisi
828 503 934 546 hanc
977 503 1105 546 solam
1143 516 1192 546 ac
1235 503 1381 547 nudam
1421 504 1483 547 rei
1520 508 1697 547 mutatae

209 574 476 616 mentionem:
520 574 755 616 translatam
787 586 884 617 esse
917 586 1006 616 eam
1041 574 1358 616 celebrationem
1390 587 1413 616 a
1443 575 1615 617 tribunis
1647 574 1698 616 ad

209 648 454 700 praetorem.
496 668 555 674 —
597 643 836 698 Quanquam
876 643 1011 699 aliquo
1055 642 1218 685 tandem
1258 643 1461 686 vocabulo
1513 656 1567 686 ex
1606 644 1697 686 cod.

211 715 443 771 corruptela
479 714 733 757 restituendo
776 727 921 757 carere
959 726 1042 757 non
1082 726 1328 770 possumus3
1372 714 1551 770 alioquin
1592 715 1697 758 male

212 785 453 827 decurreret
482 795 677 827 numerus
710 784 907 827 orationis
938 784 1242 839 verborumque
1271 784 1533 827 continuatio.
1578 784 1698 834 Quod

212 857 247 897 si
278 854 507 897 accuratius
538 854 854 909 perpendissent
881 854 1060 896 Ritterus
1093 859 1137 895 et
1165 853 1437 908 Nipperdeius
1479 859 1547 897 aut
1586 855 1698 907 tanti,

211 925 349 980 quanti
380 923 487 979 apud
518 924 700 966 Tacitum
732 923 865 977 decet,
897 922 1109 976 fecissent,
1147 935 1231 965 non
1261 923 1450 979 profecto
1484 924 1560 966 viri
1591 923 1697 966 doc-

211 995 357 1037 tissimi
387 995 557 1036 verbum
589 995 705 1036 anm]
737 999 782 1035 ut
811 994 996 1050 glossam
1028 994 1138 1035 exilii
1171 994 1485 1036 damnavissent.

330 1064 447 1114 Quae
477 1076 600 1118 quum
638 1064 693 1105 ita
735 1064 837 1117 sint,
881 1063 989 1106 haud
1026 1069 1163 1107 certus
1205 1076 1306 1107 sane
1338 1064 1526 1119 equidem
1551 1077 1697 1108 emen-

212 1135 405 1186 dationis,
444 1138 484 1176 at
514 1135 793 1189 conjecturam
823 1134 968 1176 saltem
999 1134 1171 1188 aliquam
1211 1146 1457 1189 proponam,
1498 1148 1604 1190 quae
1635 1136 1697 1178 his

211 1205 330 1259 quasi
369 1203 621 1247 adminiculis
663 1209 870 1259 utcunque
907 1203 1106 1246 fulciatur.
1178 1204 1411 1259 Importuna
1453 1210 1541 1247 erat
1577 1210 1698 1260 atque

211 1274 384 1316 molesta
416 1273 582 1316 Tiberio
614 1273 755 1328 petitio
791 1274 1057 1316 tribunorum.
1131 1273 1268 1323 Quare
1307 1274 1358 1315 de
1397 1274 1699 1329 magnificentia

213 1345 305 1399 ejus
337 1343 627 1386 celebrationis
667 1343 884 1399 derogavit
922 1348 1115 1398 quantum
1155 1344 1307 1398 potuit3
1353 1356 1488 1398 neque
1520 1343 1626 1386 enim
1657 1349 1700 1386 ut

211 1414 381 1470 proprio
424 1418 586 1469 sumptu
623 1413 745 1457 ludos
786 1412 980 1466 ederent,
1016 1425 1152 1468 neque
1192 1418 1236 1455 ut
1272 1426 1395 1456 curru
1435 1413 1699 1467 veherentur,

211 1485 472 1539 permissum.
535 1483 617 1527 Sed
647 1484 797 1539 aliquid
828 1489 977 1537 tamen,
1008 1488 1053 1526 ut
1081 1483 1271 1526 invidiam
1301 1484 1337 1527 si
1367 1495 1450 1526 non
1481 1482 1698 1539 effugeret,

212 1560 253 1597 at
278 1554 459 1610 *paullum
490 1554 659 1607 leniret,
703 1554 955 1609 nonpotuit
991 1565 1074 1596 non
1113 1553 1370 1605 concedere,
1416 1553 1600 1608 quamvis
1630 1553 1699 1594 in-

210 1626 332 1667 vitus.
393 1625 535 1679 Itaque
567 1624 734 1666 decreta
767 1625 941 1678 pecunia
980 1637 1035 1665 ex
1065 1624 1247 1675 aerario,
1289 1628 1415 1677 utque
1446 1635 1522 1677 per
1546 1623 1699 1665 circum

210 1693 441 1749 triumphali
472 1698 590 1736 veste
621 1697 844 1735 uterentur.
916 1692 975 1735 Ea
1013 1697 1147 1735 autem
1178 1692 1339 1749 ingrata
1369 1692 1618 1744 necessitas,
1656 1695 1701 1733 ut

211 1766 354 1820 partim
386 1764 643 1820 deneganda,
673 1764 817 1819 partim
842 1762 1109 1809 concedenda
1133 1768 1287 1815 essent,
1319 1775 1425 1817 quae
1445 1762 1700 1817 petebantur,

210 1848 264 1878 ne
296 1835 336 1877 in
367 1839 579 1890 posterum
618 1846 710 1877 cum
751 1832 902 1877 invidia
936 1832 1149 1875 detrectati
1185 1832 1356 1875 honoris
1391 1830 1565 1885 rediret,
1603 1841 1700 1873 mox

211 1906 452 1962 provisum,
485 1904 761 1948 celebratione
792 1905 904 1947 omm’
935 1904 985 1947 ad
1015 1908 1247 1959 praetorem
1278 1902 1483 1946 translata.

329 1976 458 2032 Igitur
486 1974 592 2035 hanc
621 1975 750 2030 ipsam
781 1986 927 2018 vocem
951 1974 1142 2029 suspicor
1166 1986 1220 2016 ex
1241 1973 1357 2016 αηηᾶ
1383 1971 1700 2028 depromendam

213 2059 329 2100 esse,
362 2052 406 2089 ut
435 2046 643 2102 legamus:

355 2152 458 2194 Mox
517 2152 763 2194 celebratio
826 2149 972 2192 omnis
1034 2150 1089 2192 ad
1149 2150 1405 2205 praetorem
1460 2147 1698 2201 translata,

355 2224 429 2264 cui
468 2225 553 2263 etc.

213 2328 389 2372 Posthac
427 2326 523 2368 nihil
564 2324 856 2378 recusandum,
899 2324 992 2379 quia
1034 2323 1132 2367 nihil
1173 2321 1391 2378 petendum
1435 2325 1543 2374 erat;
1591 2320 1702 2376 quod

214 2398 378 2453 quidem
410 2409 501 2440 cum
531 2397 708 2439 maxime
738 2396 819 2438 hoc
849 2406 960 2438 novo
991 2394 1172 2436 instituto
1204 2393 1394 2436 Tiberius
1433 2391 1511 2435 sibi
1541 2391 1702 2434 videtur

214 2469 410 2513 voluisse.
474 2466 633 2523 Quippe
664 2465 804 2523 populi
832 2466 948 2523 Jura‚
986 2463 1235 2521 reipublicae
1266 2462 1467 2516 instituta,
1502 2461 1699 2505 libertatis

213 2544 476 2583 monumenta
516 2551 639 2593 quum
679 2537 847 2579 abolere
888 2548 1047 2579 summo
1084 2535 1218 2579 studio
1260 2535 1459 2577 niteretur
1503 2545 1700 2576 novarum

214 2612 353 2668 legum
383 2607 553 2653 callidus
584 2608 651 2651 ille
674 2612 877 2662 repertor,
902 2606 999 2649 nihil
1022 2605 1257 2664 diligentius
1286 2603 1395 2647 idem
1426 2603 1700 2657 intentiusque

217 2681 409 2734 cavebat,
440 2691 560 2734 quam
590 2683 635 2721 ut
663 2677 854 2720 invidiam
884 2677 1091 2720 hominum
1121 2689 1174 2719 ne
1199 2676 1449 2728 incurreret,
1480 2673 1700 2717 violentiae
