1920 3188
749 125 1040 166 ...59-

673 254 807 308 Anu.
844 252 992 321 XIV,
1032 254 1115 305 61.

297 359 407 404 Exin
440 361 549 404 laeti
583 362 842 418 Capitolium
871 358 1094 404 scandunt
1115 359 1319 417 deosque
1350 362 1529 405 tandem
1561 373 1635 404 ve-

297 435 525 474 nerantur.
604 433 792 489 Effigies
841 433 1081 489 Poppaeae
1129 435 1384 487 proruunt,
1426 432 1636 474 Octaviae

298 504 513 557 imagines
538 505 721 559 gestant
743 503 961 557 humeris,
994 504 1219 558 spargunt
1239 500 1426 544 floribus
1450 500 1636 558 foroque

297 584 349 613 ac
380 570 563 628 templis
595 574 809 614 statuunt.
858 572 956 614 Itur
986 573 1122 613 etiam
1155 573 1197 613 in
1228 572 1441 630 principis
1472 571 1635 614 laudes

296 640 545 695 repetitum
564 641 885 685 venerantium.
924 640 1112 698 jamque
1156 646 1205 685 et
1231 640 1455 684 Palatium
1486 641 1637 684 multi-

297 711 449 754 tudine
480 714 526 754 et
556 712 825 755 clamoribus
856 711 1165 769 complebant,
1208 724 1310 755 cum
1338 713 1496 754 emissi
1527 710 1636 754 mili-

296 786 390 825 tum
434 782 558 840 globi
612 782 878 827 verberibus
937 786 983 825 et
1037 785 1205 825 intento
1257 783 1381 825 ferro
1427 782 1635 825 turbatos

298 851 531 895 disiecere.
591 852 855 909 Mutataque
896 865 1011 910 quae
1054 864 1136 908 per
1177 852 1446 895 seditionem
1487 855 1636 894 verte-

296 925 422 977 rant,
456 925 502 964 et
531 922 769 978 Poppaeae
800 923 938 965 honos
970 925 1199 979 repositus
1231 926 1318 965 est.

272 1025 334 1068 En
364 1026 491 1069 babes
522 1026 790 1086 saevissimae
830 1026 1053 1083 tyrannidis
1083 1027 1300 1084 imaginem
1331 1028 1483 1070 acerbe
1514 1026 1637 1070 festi-

157 1096 269 1143 vam!
315 1096 557 1151 Populus-it
584 1098 625 1139 in
654 1097 845 1152 principis
874 1095 1040 1149 laudes,
1070 1097 1289 1140 honestum
1319 1097 1479 1141 facinus
1508 1098 1634 1140 ineo

157 1165 385 1222 suspicans,
416 1166 592 1222 complet
622 1166 742 1209 etiam
770 1166 964 1210 Palatium
993 1165 1140 1209 faustis
1163 1166 1363 1222 laetisque
1388 1166 1635 1210 clamoribus

157 1241 198 1279 et
238 1241 426 1291 tanquam
470 1236 714 1280 seditionem
758 1237 991 1290 moliretur,
1034 1236 1199 1279 militum
1244 1237 1381 1293 globis
1424 1237 1635 1293 disjicitur.

156 1306 243 1350 Una
276 1306 431 1357 macula
462 1310 528 1351 est
555 1306 650 1350 huic
679 1306 943 1365 nitidissimae
972 1307 1154 1362 picturae
1185 1319 1208 1349 a
1240 1306 1414 1362 quodam
1444 1308 1635 1363 penicillo

156 1377 332 1419 tectorio
364 1376 586 1432 adspersa,
629 1389 749 1432 quam
788 1378 879 1431 quis
918 1382 983 1419 est
1018 1377 1116 1431 quin
1152 1377 1288 1432 cupiat
1310 1376 1485 1420 *tandem
1516 1378 1634 1421 tolli?

157 1447 238 1491 Sed
269 1460 353 1490 non
383 1447 436 1489 ita
467 1452 582 1490 recte
606 1446 771 1501 tollitur,
802 1451 846 1490 ut
875 1459 949 1502 pro
981 1446 1234 1504 glossemate
1264 1459 1357 1491 cum
1386 1447 1635 1503 Nipperdeio

156 1521 197 1559 et
226 1515 376 1559 Haasio
408 1516 561 1558 habeas
592 1517 718 1559 verba
748 1511 965 1570 repetitum
993 1517 1307 1568 venerantium,
1346 1518 1463 1559 uncis
1494 1518 1637 1559 seclu—

156 1586 243 1640 das,
276 1586 452 1642 de'nique
483 1585 746 1642 exstirpanda
777 1597 966 1629 censeas.
1025 1585 1225 1644 Sagacius
1258 1590 1299 1629 et
1328 1586 1487 1629 cautius
1517 1586 1637 1629 Doe-

156 1655 337 1699 derlinus
367 1656 503 1698 locum
533 1656 683 1699 leviter
713 1660 864 1699 tantum
895 1656 1075 1699 mutilum
1100 1656 1281 1711 judicat3
1327 1669 1557 1712 quanquam
1585 1670 1638 1699 ne

155 1727 316 1771 mutilus
348 1726 523 1782 quidem,
560 1725 636 1769 sed
667 1731 884 1782 corruptus
914 1726 1036 1782 idque
1060 1726 1166 1770 haud
1196 1730 1317 1784 gravi
1344 1727 1444 1770 vitio
1476 1727 1638 1772 videtur

156 1808 264 1840 esse.
309 1798 588 1851 Quaecunque
618 1801 752 1839 autem
782 1797 984 1839 sententia
1013 1797 1055 1838 in
1084 1797 1149 1839 his
1180 1797 1319 1839 verbis
1349 1798 1462 1850 latet,
1493 1811 1637 1840 carere

156 1868 275 1910 locus
306 1879 355 1909 ea
382 1876 464 1909 non
495 1870 644 1922 potest,
676 1866 770 1921 quia
800 1867 906 1909 inter
933 1867 1018 1909 itur
1049 1867 1171 1909 etiam
1193 1871 1235 1909 et
1244 1869 1421 1922 jamque
1452 1868 1636 1922 comple-

155 1938 260 1981 bant
286 1935 446 1980 medius
478 1936 640 1992 quidam
675 1935 870 1979 articulus
902 1936 1120 1989 orationiS,
1163 1936 1405 1988 conciliandi
1435 1942 1637 1992 potestate

154 2009 352 2064 insignis,
394 2006 652 2050 desideratur
681 2019 730 2050 ac
755 2007 989 2062 requiritur.
1052 2006 1126 2050 Cui
1156 2006 1319 2062 quidem
1354 2007 1525 2051 articulo
1556 2021 1637 2051 non

155 2082 293 2134 potest
322 2077 491 2120 verbum
520 2088 605 2119 non
633 2077 775 2120 inesse
804 2077 916 2119 finito
935 2076 1049 2132 quod
1070 2076 1208 2120 dicunt
1235 2081 1422 2132 tempore
1446 2078 1636 2132 positum,

156 2154 197 2192 et
226 2161 279 2191 ne
310 2159 497 2191 erremus
534 2147 601 2190 vel
636 2148 781 2191 incerti
818 2147 1089 2202 haesitemus,
1126 2159 1208 2203 quo
1238 2147 1335 2190 illud
1366 2159 1517 2202 sensu,
1556 2161 1637 2203 qua

155 2220 195 2262 vi
234 2218 382 2261 debeat
419 2230 541 2272 esse,
581 2218 616 2261 si
653 2218 872 2261 restituere
902 2217 1095 2271 velimus,
1135 2217 1332 2260 habemus
1367 2218 1635 2260 certissimam

155 2289 298 2332 ducem
330 2288 566 2344 particulam
598 2294 639 2331 et
666 2293 760 2331 ante
782 2287 990 2331 Palatium
1019 2288 1289 2331 constitutam.
1339 2287 1398 2330 Ea
1429 2288 1536 2330 enim
1567 2288 1636 2330 di-

155 2360 242 2417 gito
272 2359 393 2415 quasi
421 2363 622 2401 monstrat
650 2359 819 2401 verbnm
846 2357 1120 2413 complebant,
1151 2362 1193 2399 et
1221 2356 1474 2400 restituendo
1505 2359 1635 2402 verbo

155 2430 191 2473 si
221 2441 308 2472 non
331 2428 499 2471 eandem
521 2433 561 2471 at
582 2426 822 2471 simillimam
844 2428 1183 2485 significationem
1213 2431 1452 2470 constanter
1475 2430 1634 2474 asserit.

270 2499 386 2542 Haec
416 2510 498 2556 ego
530 2499 649 2555 signa
678 2498 842 2541 intentis
873 2498 1003 2541 oculis
1025 2502 1206 2551 secutus,
1237 2498 1328 2540 sive
1358 2499 1496 2553 potius
1527 2499 1638 2554 quod

154 2568 250 2612 mibi
287 2568 460 2626 contigit
495 2568 536 2611 in
575 2572 763 2625 ἕρμαιον
800 2567 1002 2623 quoddam
1046 2567 1249 2623 incidere,
1302 2581 1449 2626 magna
1487 2569 1637 2612 laetitia

154 2640 326 2684 affectus
355 2651 462 2694 sum,
493 2653 585 2683 cum
614 2651 754 2682 veram
777 2643 818 2682 et
835 2640 995 2683 unicam
1016 2638 1343 2684 emendationem
1362 2639 1471 2683 ultro
1495 2638 1637 2683 offerri

154 2710 359 2766 viderem,
401 2722 509 2766 quae
545 2709 843 2768 pulcherrimae
883 2710 952 2754 isti
995 2710 1180 2767 picturae
1221 2723 1384 2755 omnem
1428 2722 1546 2755 suum
1588 2724 1637 2754 ac
