1920 3188
760 82 1022 124 ..7-

152 231 203 261 ne
249 218 466 269 suspectus
513 213 642 253 fieret.
721 211 777 254 Ita
817 217 912 254 tunc
953 217 1111 266 poterat
1152 212 1282 254 videri
1323 216 1489 256 auctam-
1522 211 1627 253 ludis

152 283 487 343 magnificentiam
528 280 704 323 reddere
742 282 869 335 velle,
912 295 1033 336 quum
1075 281 1169 323 nihil
1211 281 1315 324 aliud
1355 280 1547 324 translata
1576 280 1629 323 ad

151 361 386 413 praetorem
404 352 693 394 'celebratione
724 352 803 393 nisi
832 352 1084 394 tribuniciam
1123 351 1347 392 libertatem
1377 357 1496 406 atque
1528 351 1628 406 dig-

151 429 314 469 nitatem
340 435 552 475 coercere,
585 421 833 474 deminuere,
865 422 1091 479 infringere
1123 422 1160 463 ei
1187 422 1439 476 propositum
1470 427 1595 465 esset.

268 493 429 537 Codicis
462 496 594 534 autem
628 491 900 546 corruptelam
932 496 975 533 ut
1006 492 1138 533 levem
1170 502 1267 533 esse
1300 490 1514 547 intelligas,
1546 493 1627 534 hoc

150 573 290 610 teneas
330 564 469 615 velim,
516 564 555 604 in
593 562 698 604 Med.
725 561 752 603 2
795 574 920 617 saepe
960 574 1042 603 non
1084 561 1206 604 modo
1247 561 1419 603 litteram
1451 576 1509 613 m,
1552 563 1625 604 sed

151 637 267 679 etiam
299 635 471 676 litteram
502 646 524 674 s
554 636 789 674 transversa
821 632 970 674 lineola
1002 637 1112 673 recta
1145 637 1213 673 aut
1242 644 1368 673 curva
1399 632 1552 684 notari,
1584 638 1627 674 ut

148 708 224 759 XI,
253 705 283 748 4
313 705 472 748 uitelli&
504 720 565 743 Ξ
597 703 783 746 uitellius.
816 703 895 756 XI,
926 702 986 745 44
1016 703 1128 746 culm
1163 719 1220 743 Ξ
1251 702 1394 746 cultus.
1427 702 1537 755 thl,
1568 702 1625 745 43

148 810 289 853 insulsi
322 826 380 849 Ξ
411 808 573 851 insulas.
608 807 709 859 XIV,
728 806 784 849 62
816 790 991 849 maritb‘s
1020 823 1078 847 Ξ
1109 808 1285 851 maritus.
1323 807 1410 861 XV,
1443 807 1469 849 6
1500 821 1627 850 exer-

150 882 257 921 citiis
294 895 351 919 Ξ
391 880 627 921 exercituin.
670 877 722 918 15
753 878 886 933 Juyffs
923 893 983 916 Ξ
1019 880 1177 934 Juguin.
1220 877 1277 919 64
1309 879 1534 932 promptus
1569 894 1628 917 Ξ

147 955 386 1007 promptum.
419 949 522 1000 XVI,
555 947 612 989 34
641 948 798 990 intenta
833 963 890 987 Ξ
921 948 1110 990 intentus.
1149 948 1242 990 ibid.
1272 949 1495 1002 frequente
1528 960 1627 1003 eqe-

147 1027 293 1063 rat:
314 1020 552 1073 frequentes
586 1023 741 1074 egerat.
805 1017 972 1060 Servata
1004 1019 1162 1060 videtur
1193 1032 1242 1060 ea
1273 1023 1369 1060 nota
1401 1031 1528 1073 super
1556 1018 1627 1059 lit-

148 1096 234 1133 tera
264 1104 304 1141 u,
336 1094 404 1131 aut
434 1102 539 1143 quae
570 1087 783 1131 videbatur
814 1100 922 1141 esse,
955 1090 993 1130 in
1020 1089 1168 1131 ceteris
1190 1089 1432 1144 plerumque
1460 1089 1626 1131 omissa.

147 1162 202 1203 Ita
234 1160 405 1211 factum,
449 1147 492 1201 ut
522 1173 543 1200 e
573 1172 646 1214 pro
680 1172 742 1209 es,
778 1172 805 1199 a
835 1171 909 1213 pro
941 1173 1007 1209 as,
1040 1173 1064 1200 o
1096 1166 1170 1213 pro
1204 1173 1271 1210 os,
1302 1161 1317 1200 i
1347 1171 1421 1213 pro
1453 1161 1491 1200 is
1521 1171 1625 1200 sex-

149 1231 302 1272 centies
335 1230 529 1284 reperias.
593 1229 643 1270 Ut
672 1241 800 1282 pauca
833 1228 999 1270 afferam
1030 1228 1234 1283 exempla:
1276 1229 1361 1280 Xll,
1393 1227 1450 1270 38
1480 1228 1627 1270 relicta

148 1316 206 1339 Ξ
234 1300 409 1341 relictas.
452 1298 507 1340 39
541 1299 753 1340 auaeiliare
782 1314 839 1337 Ξ
870 1298 1101 1342 auxiliares.
1142 1298 1245 1351 XIlI,
1276 1297 1335 1339 40
1373 1300 1538 1340 diverso
1569 1314 1626 1338 Ξ

149 1370 337 1411 diversos
385 1369 489 1420 xlv,
521 1367 588 1410 37.
622 1367 678 1409 39
722 1368 791 1409 teli
818 1383 877 1407 Ξ
907 1368 1010 1410 telis.
1077 1368 1222 1423 Neque
1261 1368 1409 1411 desunt
1446 1370 1535 1424 ejus
1567 1369 1627 1410 rei

150 1440 355 1495 exempla,
389 1440 572 1495 quamvis
604 1439 781 1492 rariora,
812 1439 851 1480 in
882 1438 988 1481 Med.
1013 1438 1049 1481 1.
1082 1438 1237 1481 Confer
1255 1439 1320 1492 ΙΙΙ,
1355 1438 1408 1481 13
1437 1441 1457 1480 ῖ
1485 1454 1543 1478 Ξ
1572 1439 1623 1481 ἰη.

151 1510 204 1551 19
237 1511 465 1553 contraria.
506 1509 562 1550 45
594 1511 638 1550 in
666 1510 816 1563 frontet
842 1508 915 1567 Vl,
945 1508 1002 1550 45
1034 1511 1188 1553 amor'ff.
1226 1509 1291 1563 111,
1323 1509 1380 1551 62
1405 1512 1539 1563 passv]
1568 1525 1627 1548 Ξ

148 1592 356 1634 passuum.
401 1577 456 1621 73
489 1583 564 1621 αΐιτ
590 1595 650 1619 Ξ
680 1584 827 1622 autem.
898 1579 1096 1636 Neglecta
1135 1583 1268 1621 autem
1298 1584 1394 1622 nota
1425 1591 1474 1622 ea
1504 1578 1626 1621 vide-

148 1654 231 1691 tur:
263 1649 310 1701 ΙΙ,
343 1648 400 1689 28
429 1661 618 1689 sermone
647 1664 705 1687 Ξ
736 1660 962 1690 sermones.
994 1648 1051 1690 82
1079 1649 1184 1701 salai
1212 1665 1271 1689 Ξ
1301 1649 1429 1691 falsis.
1470 1649 1537 1701 lv,
1571 1648 1625 1689 15

141 1719 324 1773 pecunia
353 1733 411 1758 Ξ
442 1718 648 1773 pecunias.
673 1716 730 1760 34
759 1717 914 1773 insiqni
941 1733 1001 1757 Ξ
1030 1718 1215 1775 insignis.
1259 1718 1324 1772 VI,
1357 1716 1385 1760 7
1416 1730 1518 1773 eque
1546 1731 1625 1760 ro-

147 1802 291 1829 manos
321 1804 381 1828 Ξ
411 1800 539 1842 eques
571 1799 775 1830 romanus.
845 1786 1064 1842 Perperam
1095 1789 1272 1843 denique
1302 1802 1325 1830 a
1355 1789 1545 1841 librario,
1582 1795 1626 1831 ut

148 1858 186 1899 in
217 1857 323 1900 Med.
347 1858 386 1900 2.
419 1858 675 1913 saepissime,
708 1856 840 1901 soluta
872 1862 935 1901 est
956 1858 986 1911 Ι,
1012 1856 1066 1900 73
1098 1860 1290 1902 meminus
1318 1874 1378 1899 Ξ
1406 1859 1624 1902 numinum.

147 1928 193 1979 ΙΙ,
224 1928 282 1970 82
315 1929 534 1982 templores
559 1944 618 1968 Ξ
648 1929 889 1982 templorum
918 1929 983 1982 ΙΙΙ,
1015 1930 1069 1972 50
1101 1931 1291 1973 hominus
1319 1945 1379 1969 =
1408 1930 1625 1973 hominum.

149 1996 250 2040 Vide
282 1999 401 2040 etiam
432 1999 634 2041 Heraeum
667 1997 771 2041 stud.
803 1999 889 2042 crit.
922 2012 960 2054 p.
986 1998 1068 2044 132
1100 2012 1187 2055 sqq.

265 2068 385 2117 Quod
423 2070 458 2111 si
498 2070 775 2124 reputaveris,
815 2068 1005 2111 facillime
1042 2072 1155 2112 αηηᾶ
1189 2071 1303 2113 nasci
1343 2071 1529 2126 potuisse
1571 2084 1625 2113 ex

147 2138 280 2180 omnis
310 2151 392 2181 non
424 2139 594 2194 amplius
625 2139 770 2182 infitias
801 2139 898 2193 ibis,
930 2141 1169 2195 praesertim
1202 2141 1240 2183 si
1270 2141 1349 2184 hoc
1380 2142 1450 2184 tibi
1480 2142 1521 2183 in
1552 2154 1624 2184 ar-

147 2207 320 2263 chetypo
365 2210 475 2249 σιωπῶ
506 2210 699 2264 scriptum
735 2209 865 2252 fuisse
905 2210 1085 2253 finxeris.
1126 2235 1178 2242 —
1221 2211 1361 2253 Omnis
1397 2223 1473 2266 pro
1515 2216 1625 2253 totus

146 2277 251 2330 apud
283 2278 463 2321 Tacitum
493 2279 643 2335 legitur
673 2280 792 2321 etiam
822 2278 926 2321 Hist.
949 2280 1015 2332 IV,
1048 2279 1125 2322 26:
1164 2281 1394 2334 dispositae
1420 2293 1499 2335 per
1530 2294 1623 2322 om-

146 2358 237 2388 nem
265 2349 403 2403 ripam
433 2349 642 2391 stationes.

718 2488 851 2541 Ann.
878 2489 920 2555 I,
958 2491 1040 2540 26.

260 2592 513 2642 Pannonicas
563 2594 760 2654 legiones
789 2595 943 2639 seditio
993 2596 1233 2639 incesserat.
1305 2597 1457 2646 Missus
1501 2601 1564 2639 est
1601 2610 1623 2638 a

146 2659 310 2708 Tiberio
342 2665 513 2713 Drusus,
532 2655 652 2718 lilim,
684 2665 757 2719 qui,
783 2679 836 2707 ex
866 2679 912 2708 re
944 2666 1192 2717 consuleret.
1254 2668 1293 2709 Is
1325 2667 1484 2719 auditis,
1516 2679 1622 2721 quae
