1920 3188
904 153 1195 196 ..18-

309 284 430 341 origo
471 283 578 326 haud
616 283 742 339 longe
782 282 1029 338 repetenda,
1071 288 1272 339 quumut
1301 286 1395 339 post
1424 286 1470 324 at
1500 280 1719 332 omissum,
1758 293 1798 320 m

308 361 401 397 ante
432 369 475 396 zu
507 355 656 397 illatum
691 353 740 395 ad
773 352 944 412 eandem
983 352 1045 394 his
1078 352 1289 395 codicibus
1322 353 1560 395 sollemnem
1592 350 1797 406 dittogra-

307 424 426 480 phiae
458 426 611 477 lahem,
645 424 831 479 quamvis
864 422 1027 466 diversa
1058 423 1240 477 ratione,
1272 424 1510 480 pertineant.

863 571 998 622 Ann.
1022 570 1118 637 III,
1161 573 1242 621 14.

428 667 708 711 Accusatores
747 667 887 709 Pisoni
929 666 1033 721 apud
1074 666 1265 709 Senatum
1305 665 1410 706 inter
1448 664 1523 706 alia
1563 664 1797 719 objecerant

308 738 411 780 haec
444 739 523 780 duo
553 737 798 793 gravissima
823 737 1003 788 crimina,
1035 736 1223 790 primum:
1258 735 1540 777 Germanicum
1567 745 1648 774 non
1674 731 1797 773 modo

309 808 404 849 odio
437 807 614 849 habitum
638 807 713 849 sed
738 812 945 862 postremo
971 805 1258 848 devotionibus
1283 810 1322 847 et
1354 817 1515 847 veneno
1547 807 1771 860 peremtum
1784 816 1797 854 3

308 877 478 920 deinde:
522 891 659 920 rerum
692 890 891 919 novarum
924 876 1098 919 studium
1131 888 1300 930 remque
1331 875 1531 930 publicam
1564 874 1686 916 armis
1717 885 1797 928 pe-

307 949 430 990 titam.
494 947 694 989 Defensio
734 948 772 988 in
813 948 963 989 ceteris
1004 946 1241 1002 trepidavit:
1288 944 1418 988 solnm
1458 944 1607 988 veneni
1645 944 1797 987 crimen

306 1018 403 1061 Piso
434 1019 550 1061 visus
584 1024 646 1060 est
678 1018 860 1060 diluisse.

457 1111 547 1154 Sed
571 1109 755 1166 judices
787 1123 868 1167 pel·
901 1110 1084 1155 diversa
1112 1108 1422 1169 implacabiles
1448 1113 1594 1152 erant:
1630 1110 1798 1152 Caesar

452 1183 508 1224 ob
557 1183 727 1224 bellum
779 1185 1028 1236 provinciae
1075 1184 1286 1236 inlatum,
1343 1185 1526 1222 senatus
1576 1192 1794 1236 nunquam

448 1254 563 1293 satis
597 1252 770 1294 credito
804 1254 901 1294 sine
937 1253 1091 1295 fraude
1127 1253 1443 1295 Germanicum
1475 1253 1689 1294 interisse
1716 1284 1725 1293 .
1753 1283 1761 1293 .
1787 1286 1794 1293 .

448 1322 759 1376 scripsissent
799 1323 1177 1377 empostulantes,
1223 1320 1341 1379 quod
1379 1322 1499 1364 haud
1542 1324 1684 1363 minus
1725 1322 1796 1363 Ti-

448 1394 601 1434 berius
641 1407 773 1450 quam
806 1395 910 1435 Piso
944 1395 1154 1436 abnuere.
1229 1393 1365 1435 Simul
1399 1393 1552 1448 populi
1585 1396 1689 1433 ante
1723 1405 1795 1433 cn-

449 1466 557 1505 riam
582 1476 715 1505 voces
738 1464 1055 1520 audiebantur3
1090 1478 1175 1506 non
1206 1466 1544 1520 temperaturos
1572 1462 1794 1516 manibus,

449 1535 488 1574 si
521 1537 695 1589 patrum
730 1536 984 1577 sententias
1018 1536 1253 1577 evasisset.

424 1626 491 1668 Sic
534 1626 671 1669 locum
712 1632 756 1668 ut
794 1641 978 1669 mancum
1029 1628 1210 1670 editores
1253 1639 1396 1669 omncs
1441 1631 1683 1669 notaverunt
1695 1640 1707 1678 3
1755 1626 1794 1667 in

293 1694 401 1738 vcod.
435 1709 509 1740 ms.
543 1696 683 1740 lacuna
717 1710 798 1740 non
832 1703 906 1741 est.
969 1697 1090 1742 Solus
1121 1697 1395 1741 Doederlinus
1436 1698 1559 1741 verba
1591 1698 1794 1752 scripsis-

305 1773 399 1809 sent
427 1791 484 1798 —
517 1768 700 1808 abnuere
741 1770 856 1809 uncis
897 1769 1058 1810 inclusit
1097 1774 1137 1810 et
1173 1782 1315 1822 unam,
1367 1781 1472 1823 quae
1513 1767 1670 1822 reliqua
1717 1772 1793 1819 est,

308 1836 547 1880 emendandi
580 1838 684 1880 viam
716 1840 967 1881 monstravit.
1043 1839 1172 1889 Quem
1213 1852 1289 1882 nes
1330 1852 1420 1882 cum
1451 1838 1794 1894 Bezzenbergero

306 1913 531 1962 sequentes
567 1908 661 1949 loco
705 1909 853 1962 aliquid
896 1909 997 1951 lucis
1044 1909 1192 1951 afferre
1232 1909 1491 1961 conabimur,
1538 1908 1793 1962 quantumvis

304 1977 543 2020 Waltherus
575 1990 718 2021 eorum
750 1978 880 2022 studia
914 1978 1103 2034 irrideat,
1144 1980 1212 2036 qui
1252 1979 1357 2024 idem
1397 1979 1485 2024 ausi
1518 1984 1612 2023 sunt
1644 1979 1795 2036 quique

308 2050 448 2092 ausuri
483 2055 633 2092 essent.

422 2120 523 2163 Nam
556 2120 666 2176 quod
711 2134 841 2177 nuper
874 2121 1146 2177 Nippcrdeius
1185 2121 1399 2176 disseruit,
1440 2122 1554 2178 plura
1587 2122 1793 2166 excidisse

305 2203 482 2232 censens
508 2197 547 2232 et
571 2205 617 2233 ea
646 2193 833 2245 maxime,
854 2206 958 2247 quae
975 2194 1209 2247 petitionem
1231 2194 1307 2246 rei,
1324 2193 1792 2248 comperendinationem

303 2260 547 2316 flagitantis,
587 2262 788 2317 simulque
821 2268 1105 2306 accusatorum
1145 2263 1320 2307 adversa
1361 2268 1481 2319 atque
1522 2264 1669 2307 infesta
1700 2269 1793 2307 stu-

304 2331 368 2373 dia
401 2332 671 2386 continerent,
704 2333 742 2375 id
776 2333 935 2388 quidem
957 2348 1097 2389 parum
1123 2334 1415 2389 probabilitatis
1437 2334 1590 2377 habere
1623 2334 1791 2377 videtur.

304 2400 370 2443 Sic
403 2402 511 2442 enim
543 2403 577 2443 si
610 2407 778 2456 statuas,
812 2417 917 2459 quac
949 2404 1242 2460 percommode
1271 2418 1323 2448 ex
1352 2405 1574 2448 continenti
1605 2418 1791 2462 sequun-

305 2475 370 2512 tur
398 2472 523 2513 simul
545 2476 696 2528 populi
727 2481 823 2517 ante
856 2476 1017 2517 curiam
1054 2490 1179 2518 voees
1216 2477 1342 2533 longo
1382 2477 1617 2531 intervallo,
1660 2477 1789 2520 aliena

303 2553 350 2583 re
382 2541 620 2597 interposita
647 2544 933 2601 distractisque
952 2547 1175 2603 legentium
1201 2548 1344 2591 animis
1376 2548 1616 2591 dirimuntur
1646 2549 1695 2591 ab
1728 2549 1790 2601 iis,

303 2612 451 2667 quibus
483 2625 589 2656 voce
620 2617 744 2658 simul
773 2623 903 2672 aptata
936 2624 1040 2660 sunt.
1102 2619 1191 2662 Hoc
1223 2625 1356 2663 autem
1387 2632 1463 2674 pro
1495 2624 1611 2662 certo
1641 2619 1789 2672 habeo,

301 2683 398 2725 nihil
430 2683 537 2727 aliud
569 2685 634 2727 hic
667 2686 847 2730 Tacitum
878 2687 1064 2732 voluisse
1103 2690 1181 2733 nisi
1220 2690 1459 2734 describere
1491 2696 1532 2734 et
1562 2691 1678 2747 quasi
1710 2690 1789 2733 de-

299 2755 472 2811 pingere
514 2761 597 2799 tum
645 2757 952 2803 haesitationem
999 2767 1167 2806 senatus
1210 2769 1252 2805 et
1294 2762 1559 2806 consiliorum
1597 2762 1788 2817 inopiam,
