1920 3188
735 120 1027 163 -23-

140 252 240 294 sitos
280 245 492 289 eluendam
535 246 611 289 sibi
650 249 843 292 statuerit.
889 273 944 281 -—-
990 250 1050 292 De
1089 253 1281 306 particula
1322 268 1398 310 que
1443 256 1481 296 in
1523 268 1619 297 cre-

139 319 305 371 brisque
336 316 595 370 explicationi
626 318 875 361 inserviente
908 320 987 361 vid.
1014 321 1206 363 Boettich.
1231 324 1329 365 Lex.
1351 325 1443 367 Tac.
1477 326 1554 368 sub
1580 340 1617 367 v.

139 394 198 437 et;
238 385 380 428 Handii
419 386 588 429 Turseli.
619 387 664 430 Il.
701 401 737 443 p.
764 387 863 430 477.
906 414 962 421 -
1004 390 1151 444 Sejani
1192 404 1338 434 nomen
1375 395 1414 435 iu
1450 409 1494 436 se
1531 384 1618 440 iam

138 461 370 511 corruptum
403 455 508 498 Ann.
525 457 589 510 111,
621 457 677 499 35
711 463 751 500 et
781 459 884 501 Anii.
908 460 973 513 VI,
1005 461 1063 502 30
1092 462 1174 503 isse
1205 462 1292 503 lani
1312 478 1369 502 z
1390 465 1427 505 is
1457 465 1613 519 SeJ'ani.

252 526 404 570 Eadem
436 527 594 571 ratione
626 541 725 571 usus
764 530 1092 572 commodissime
1133 531 1251 572 etiam
1284 533 1518 587 expleveris
1549 536 1615 577 la-

136 612 299 650 cunam,
339 611 444 652 quae
488 604 551 641 est
589 600 653 652 VI,
696 600 773 652 40,
816 600 850 642 si
890 612 1037 643 nomen
1076 603 1100 644 l.
1140 603 1331 644 aruseius
1372 606 1488 658 quasi
1529 620 1614 661 ge-

137 672 325 712 minatum
358 673 399 710 et
428 681 502 723 per
533 670 815 725 compendium
848 671 1040 726 scriptum
1072 677 1224 714 statuas
1258 678 1297 714 et
1315 673 1506 716 aluseffes
1534 677 1558 716 i.
1578 690 1613 716 e.

136 746 174 782 et
204 739 277 780 alii
306 744 533 781 senatores.
594 740 736 794 Neque
769 741 872 783 enim
897 742 1003 783 aliud
1030 743 1245 797 quidquam
1276 744 1393 785 locus
1425 746 1613 798 postulat.

137 810 186 852 cf.
219 809 264 862 ll,
299 807 367 850 77.

675 904 810 954 Ann.
839 904 936 970 HI,
983 907 1063 956 37.

250 996 364 1046 Quae
396 996 435 1038 in
467 996 627 1041 laudem
658 998 800 1052 Drusi,
841 1013 931 1041 cum
963 1004 1077 1055 patre
1110 999 1275 1042 Tiberio
1308 1002 1550 1055 comparati,
1593 1015 1616 1043 a

132 1067 282 1123 populo
314 1067 593 1120 trahebantur,
634 1083 655 1111 a
692 1070 894 1124 scriptore
933 1071 1188 1117 referuntur:
1237 1071 1286 1112 ab
1326 1084 1378 1112 eo
1423 1072 1463 1112 in
1500 1072 1614 1124 urbe,

132 1141 236 1181 inter
268 1143 411 1180 coetus
444 1144 483 1181 et
514 1152 727 1182 sermones
759 1140 962 1183 hominum
1005 1141 1252 1193 obversante
1296 1146 1457 1184 secreta
1489 1143 1614 1197 patris

133 1209 330 1266 mitigari:

271 1294 426 1348 Neque
458 1293 589 1334 luxus
623 1294 664 1333 in
686 1290 855 1346 juvene
881 1293 994 1334 adeo
1022 1294 1307 1349 displicebat:
1341 1294 1429 1335 huc
1460 1298 1611 1350 potius

272 1363 548 1417 intenderet,
583 1363 700 1404 diem
732 1359 1157 1418 aedificationibus,
1190 1368 1367 1404 noctem
1400 1367 1613 1406 conviviis

272 1433 497 1487 traheret,
540 1446 670 1490 quam
705 1433 832 1475 solus
866 1438 910 1475 et
943 1433 1079 1475 nullis
1113 1434 1420 1489 voluptatibus
1453 1447 1613 1476 avoca-

271 1507 346 1545 tus
378 1508 595 1546 maestam
629 1504 909 1561 vigilantiam
940 1509 985 1546 et
1022 1504 1163 1545 malas
1192 1517 1324 1545 curas
1360 1510 1613 1548 exerceret.

249 1585 317 1628 Sic
347 1586 401 1627 M.
434 1586 555 1628 Varia
587 1590 843 1629 tentaverunt
873 1586 949 1628 viri
980 1586 1109 1628 docti:
1146 1585 1307 1640 Lipsius
1338 1586 1588 1629 editionibus
1598 1601 1615 1639 ,·

132 1655 359 1710 Seyffertus
392 1656 565 1697 ludicris
590 1656 849 1706 actionibus;
879 1656 1114 1698 Hauthalius
1137 1656 1471 1698 meditationibus
1501 1658 1613 1707 (sive

129 1726 242 1768 malis
276 1726 663 1777 declamationibus,
695 1726 1029 1776 recitationibus,
1052 1726 1410 1778 judicationibus,
1444 1728 1612 1769 exerci-

128 1796 377 1847 tationibus)
390 1811 402 1849 3
431 1796 633 1852 Bergkius
648 1797 693 1847 ³⁹)
724 1797 830 1838 diem
862 1796 984 1838 daret
1000 1794 1258 1849 factionibus
1278 1796 1371 1837 coll.
1395 1796 1472 1838 Dio
1498 1796 1610 1839 Cass

129 1866 244 1918 LVII,
280 1865 345 1908 14.
386 1871 426 1908 et
465 1867 559 1908 Tac.
590 1866 747 1918 Ann.1,
780 1864 847 1906 76.
916 1865 997 1908 Sed
1038 1865 1089 1906 de
1131 1866 1295 1920 ingenio
1326 1866 1408 1908 loci
1439 1868 1612 1922 egregie

123 1936 319 1991 judicavit
366 1937 545 1979 Halmius
563 1936 657 1989 W),
723 1935 930 1978 notionem
989 1936 1141 1990 requiri
1205 1947 1451 1978 asseverans
1509 1950 1612 1989 eam,

129 2019 234 2060 quae
265 2008 403 2049 luxum
438 2007 637 2061 quendam
669 2004 878 2048 solutioris
921 2006 1027 2047 vitae
1058 2006 1348 2060 voluptuosum
1380 2019 1514 2062 neque
1544 2012 1612 2049 ta-

128 2090 222 2119 men
255 2076 590 2119 dehonestantem
623 2076 779 2131 prodat.
827 2076 956 2125 Quam
987 2076 1076 2130 ipse
1107 2077 1320 2130 proposuit
1351 2077 1610 2119 emendatio-

128 2160 245 2201 nem,
281 2147 641 2202 -ludilicationibus
682 2146 805 2189 scribi
848 2158 975 2201 posse
1019 2158 1222 2199 censens,
1267 2160 1316 2188 ea
1357 2159 1493 2202 neque
1535 2147 1613 2202 ipsi

128 2218 325 2260 satisfecit
356 2223 395 2260 et
421 2219 590 2261 aliorum
623 2230 798 2260 assensu
827 2217 1017 2260 destituta
1042 2222 1117 2259 est.
1174 2217 1311 2267 Quare
1343 2218 1461 2260 nobis
1492 2218 1612 2259 liceat

129 2301 237 2330 novo
269 2289 451 2343 periculo
490 2288 689 2341 suadere,
733 2292 776 2329 ut
819 2288 1181 2342 aedificationibus
1222 2288 1405 2330 solvatur
1444 2289 1484 2328 in
1528 2287 1609 2329 duo

128 2360 252 2402 verba
286 2364 326 2401 et
355 2360 534 2414 legatur:

269 2441 384 2483 diem
418 2438 629 2496 equiriis,
661 2438 932 2491 actionibus,
965 2442 1140 2480 noctem
1163 2438 1372 2481 conviviis
1393 2439 1607 2483 traheret.

222 2607 261 2653 ²¹²)
286 2606 409 2641 Rhein.
434 2605 518 2641 llius.
545 2603 586 2639 N.
612 2602 651 2637 F.
677 2603 746 2638 VII.
772 2615 807 2650 p.
828 2603 906 2638 158.

195 2665 259 2712 **)
283 2664 390 2700 Beitr.
424 2676 454 2698 z.
488 2663 573 2699 Krit.
606 2674 638 2697 u.
671 2662 809 2698 Erkliir.
851 2662 914 2698 der
948 2660 1039 2697 Anu.
1081 2661 1143 2697 des
1177 2661 1260 2699 Tac.
1318 2662 1464 2707 Speyer.
1504 2661 1607 2695 1846.

128 2723 246 2759 Jahn’s
270 2723 413 2759 Jahrbb.
440 2723 529 2765 XIX,
555 2722 611 2757 56.
639 2733 673 2768 p.
693 2721 750 2756 44.
