1920 3188
314 1097 585 1184 Quanquam
627 1130 813 1185 permulti
862 1131 972 1184 iique
1015 1130 1240 1172 doctissimi
1291 1135 1413 1184 atque
1460 1130 1675 1172 clarissimi

196 1201 272 1243 viri
309 1206 405 1255 post
442 1200 568 1255 Lipsii
611 1213 731 1244 curas
769 1200 1051 1255 sospitatrices
1095 1198 1358 1242 emendandis
1395 1200 1522 1242 Taciti
1562 1199 1674 1243 libris

197 1282 363 1325 operam
385 1275 584 1313 navarunt
607 1270 926 1323 saluberrimam,
958 1275 1091 1312 tamen
1109 1270 1232 1311 hodie
1251 1282 1417 1324 quoque
1438 1275 1525 1312 atra
1544 1271 1675 1312 nubes

196 1341 381 1384 locorum
406 1340 532 1383 foede
555 1345 840 1396 corruptorum
867 1340 1059 1383 obscurat
1080 1339 1356 1383 florentissimi
1380 1352 1517 1383 rerum
1540 1340 1675 1395 scrip-

197 1411 297 1452 toris
329 1411 542 1453 candidam
572 1411 731 1453 faciem.
794 1410 913 1459 Quod
943 1411 1088 1452 mirum
1113 1423 1212 1453 sane
1237 1415 1350 1453 esset
1373 1411 1461 1453 fieri
1492 1412 1677 1465 potuisse

196 1481 235 1522 in
278 1486 387 1523 tanta
430 1480 614 1524 doctrina
661 1486 824 1535 tamque
870 1480 1033 1523 intentis
1082 1480 1374 1524 acerrimorum
1419 1480 1677 1537 ingeniorum

197 1550 364 1605 studiis,
406 1552 485 1593 nisi
523 1552 576 1593 ita
607 1555 879 1606 comparatam
911 1563 1007 1594 esse
1041 1556 1249 1594 constaret
1278 1550 1444 1594 criticae
1475 1551 1573 1594 artis
1603 1563 1677 1594 ra-

197 1621 346 1663 tionem
386 1635 434 1664 ac
472 1626 676 1675 naturam,
728 1626 772 1664 ut
810 1622 846 1664 si
883 1633 966 1664 non
1005 1621 1199 1675 maxima,
1255 1627 1295 1664 at
1333 1621 1466 1677 aliqua
1503 1633 1598 1677 pars
1637 1622 1677 1663 in

197 1690 306 1733 felici
349 1691 519 1747 quadam
563 1692 808 1734 divinatione
838 1692 1056 1747 Fortisque
1087 1693 1315 1746 Fortunae,
1359 1692 1521 1735 invidae
1551 1705 1677 1747 saepe

194 1761 370 1806 fortibus
400 1763 512 1815 viris,
546 1762 691 1805 favore
722 1762 910 1818 ponenda
941 1763 1002 1805 sit.
1065 1762 1217 1806 Verum
1249 1776 1302 1806 ex
1332 1762 1412 1806 hoc
1442 1764 1534 1819 ipso
1560 1775 1677 1806 meae

192 1833 276 1887 jam
307 1833 578 1888 qualicunque
603 1833 763 1889 opellae
787 1834 949 1876 veniam
979 1838 1089 1888 pet0,
1122 1834 1232 1888 quod
1263 1847 1351 1876 eam
1382 1834 1490 1876 inter
1518 1838 1579 1877 tot
1607 1835 1676 1876 in-

195 1902 337 1946 lustria
367 1904 531 1947 nomina
561 1904 743 1960 profiteri
774 1916 900 1948 ausus
933 1904 1020 1947 sim.
1095 1904 1252 1960 Quippe
1293 1903 1401 1947 aliud
1430 1903 1528 1946 nihil
1556 1904 1678 1961 hujus

197 1973 479 2029 disputationis
509 1976 765 2030 propositum
796 1980 903 2028 erat,
943 1975 1021 2017 nisi
1060 1979 1104 2017 ut
1132 1988 1263 2031 pauca
1293 1975 1469 2018 feliciter
1498 1975 1678 2018 fortasse

195 2046 359 2088 inventa
391 2045 442 2088 ad
472 2046 652 2089 virorum
682 2045 894 2090 doctorum
920 2045 1117 2101 Judicium
1150 2045 1397 2100 conferrem,
1429 2046 1465 2089 si
1496 2045 1592 2101 quid
1624 2058 1678 2089 ex

194 2115 245 2156 iis
277 2115 479 2158 commodi
515 2117 556 2158 in
593 2117 719 2160 Taciti
758 2116 907 2170 libros,
950 2121 1176 2171 temporum
1219 2117 1365 2173 injuria
1406 2117 1558 2159 misere
1598 2117 1677 2159 ha-

194 2184 325 2239 bitos,
368 2188 594 2241 comparari
630 2192 785 2242 posset.
861 2187 954 2229 Non
997 2199 1079 2242 quo
1121 2187 1299 2230 officium
1337 2186 1456 2240 illud,
1495 2192 1539 2229 ut
1579 2198 1677 2229 suas

196 2255 368 2312 singulis
400 2256 751 2300 emendationibus
782 2269 930 2301 causas
952 2270 1000 2300 ac
1022 2257 1203 2300 rationes
1228 2257 1454 2313 subjiciam,
1487 2256 1675 2310 equidem

195 2326 271 2368 sim
314 2327 634 2381 detrectaturus3
690 2328 766 2372 sed
804 2333 960 2381 tamen,
1010 2329 1227 2382 quominus
1270 2327 1385 2370 hisce
1423 2328 1675 2383 argumentis

195 2397 313 2442 nimis
344 2399 563 2452 confidam,
595 2400 776 2443 virorum
807 2411 1055 2443 summorum
1088 2397 1221 2441 debita
1252 2397 1442 2454 prohibet
1470 2411 1676 2442 reveren-

196 2470 261 2513 tia.
325 2471 403 2520 Qui
434 2472 598 2527 quidem
628 2471 737 2525 mihi,
781 2474 966 2527 quamvis
998 2470 1166 2514 diverso
1199 2471 1441 2525 sententiae,
1473 2483 1676 2526 nunquam

195 2550 279 2582 non
307 2540 479 2585 honoris
514 2553 639 2584 causa
668 2546 710 2583 et
740 2554 832 2585 cum
863 2543 1024 2585 sincera
1054 2540 1320 2584 admiratione
1345 2541 1537 2584 nominati
1570 2547 1674 2585 sunt.

194 2609 335 2665 Itaque
365 2612 401 2654 si
432 2613 593 2666 quando
625 2615 666 2654 in
695 2626 743 2654 re
774 2613 953 2668 alioquin
983 2611 1139 2667 hispida
1171 2617 1212 2655 et
1247 2611 1429 2655 exilitate
1457 2611 1676 2667 injucunda

195 2680 330 2734 paullo
361 2682 537 2727 alacrius
570 2683 810 2727 sententiam
848 2683 920 2726 tuli
952 2687 1019 2726 aut
1047 2683 1186 2726 verbis
1217 2683 1382 2727 lusurus
1413 2694 1546 2739 nugas
1578 2681 1677 2736 dixi,

1270 2753 1290 2795 1
1311 2754 1335 2779 ὅ·
