1920 3188
671 134 728 150 -,
787 109 843 160 25
905 135 960 143 ....

74 254 187 300 per:
202 237 529 290 orchestram
551 243 784 294 praestant„
806 237 1064 282 actiones.
1122 239 1213 284 Jam
1232 252 1334 294 vero
1356 239 1462 286 adde
1480 240 1559 294 hiS,

79 319 121 362 ut
148 323 291 355 verum
321 310 521 365 probasse
552 310 788 362 videamur,
810 309 943 364 xquod
985 323 1039 352 ex
1068 310 1202 353 Dione
1233 317 1413 366 constat,
1459 314 1558 361 τοῖς

80 382 324 439 ὀρχησταῖς
346 381 538 426 Drusum
576 381 720 424 mirum
759 385 948 436 quantum
990 380 1221 435 studuisse,
1264 395 1421 437 eosque
1460 383 1556 430 ideo

79 454 199 499 nimio
231 451 484 502 favore.‚suo
515 451 556 494 in
586 451 820 508 superbiam
850 456 972 508 atque
1009 450 1267 513 insolentiam
1296 454 1555 509 compulisse.

78 524 257 576 Etenim,
288 528 502 578 postquam
535 511 822 565 conviviorum
851 535 1018 579 quoque
1043 528 1342 566 nocturnorum
1372 513 1556 568 consue-

78 594 254 653 tudinem
298 597 339 635 et
375 589 459 635 vini
496 594 842 653 intemperantiam
878 593 920 635 in
961 593 1097 654 Druso
1140 594 1314 647 notavit,
1357 595 1420 637 his
1458 596 1557 650 ipsis

77 665 213 708 verbis
248 664 404 722 pergit:
449 667 545 714 τοῖς
573 680 621 708 τε
654 664 970 744 ὀρχησταῖς
987 661 1104 708 οὕτω
1137 668 1415 721 προςέκειτο,
1447 662 1558 709 ὥστε

77 736 154 781 καὶ
195 732 454 788 στασιάζειν
493 732 664 785 αὐτους
697 733 774 778 ’καὶ
810 732 908 791 μηδ’
949 731 1037 777 ὑπὸ
1075 735 1168 778 τῶν
1208 733 1378 791 νόμων,
1422 732 1501 784 οὕς
1533 733 1555 778 ὁ

83 791 296 864 Τιβέριος
342 805 404 849 ἐπ’
450 802 615 856 αὐτοὺς
655 804 929 859 ἐςενηνόχει,
981 805 1321 850 καθίστασθαι.
1401 806 1479 850 Dio
1518 806 1558 849 C.

78 876 192 931 LVII,
226 875 293 919 14.

626 960 761 1022 ΑΗΒ.
795 971 892 1037 111,
932 974 1012 1023 55.

132 1092 134 1094 -
159 1123 162 1126 ἢ
195 1066 351 1115 Quibus
382 1065 434 1108 de
465 1066 602 1108 causis
632 1066 754 1109 luxus
785 1078 968 1119 mensae,
1000 1079 1075 1121 per
1100 1079 1229 1110 annos
1261 1071 1425 1110 eentum
1454 1079 1559 1122 pro-

78 1136 182 1186 fusis
221 1136 446 1191 sumptibus
485 1137 679 1189 exerciti,
722 1136 910 1191 paulatim
954 1136 1217 1185 exoleverint,
1241 1141 1282 1178 et
1311 1149 1387 1179 sua
1426 1141 1560 1179 aetate

80 1207 176 1250 nulli
206 1195 378 1260 fuerint,
415 1207 578 1250 Tacitus
610 1207 803 1262 exposuit
833 1217 1005 1261 eamque
1037 1207 1337 1262 expositionem
1367 1207 1422 1249 ita
1452 1219 1559 1250 con-

79 1276 218 1321 cludit:

216 1355 380 1395 Verum
420 1355 533 1410 haec
571 1355 702 1397 nobis
739 1350 939 1410 majores
981 1357 1228 1396 certamina
1272 1368 1327 1397 ex
1365 1355 1559 1397 honesto

189 1476 191 1478 ῃ
218 1428 433 1467 maneant.
517 1430 520 1434 ’

193 1500 385 1554 Plerique
422 1500 557 1542 locum
599 1512 674 1555 pro
713 1512 858 1542 manco
905 1505 974 1542 aut
1013 1501 1281 1556 signaverunt
1318 1505 1388 1543 aut
1420 1501 1561 1555 Lipsio

81 1574 224 1613 autore
255 1570 595 1624 emendaverunt,
639 1574 732 1612 ante
760 1572 946 1625 majores
974 1570 1214 1625 interposito
1245 1571 1302 1612 in.
1361 1570 1561 1626 Equidem

78 1641 211 1683 locum
254 1653 331 1695 pro
371 1646 566 1696 corrupto
607 1641 752 1695 potius
785 1653 905 1694 quam
926 1653 1091 1683 tmanco
1134 1641 1339 1696 accipiens
1380 1642 1561 1691 breviter

80 1710 209 1753 dicam
232 1711 352 1766 ‘quod
390 1712 535 1754 sentio.
606 1711 840 1753 Revertitur
861 1699 1054 1765 ,scriptor
1094 1723 1118 1753 a
1157 1722 1371 1753 causarum
1413 1711 1561 1767 expla-

79 1782 242 1824 natione
283 1782 335 1824 ad
372 1782 716 1832 continuationem
752 1793 891 1823 rerum
931 1785 972 1823 et
1007 1781 1048 1822 in
1086 1780 1166 1823 fine
1205 1780 1561 1837 digressionis‘ad

78 1853 230 1902 initium
260 1853 487 1908 respiciens
499 1868 514 1906 ,·
543 1852 769 1907 eorumque
800 1860 906 1907 quae
937 1850 1115 1903 dixerat:
1155 1864 1305 1895 causas
1330 1853 1419 1906 ejus
1448 1865 1560 1893 mu-

80 1925 339 1966 tationis
359 1936 558 1979 quaerere
588 1924 707 1975 libet,
749 1922 969 1979 cogitando
1000 1935 1158 1966 memor
1187 1923 1275 1977 hic,
1318 1923 1359 1965 ni
1389 1935 1561 1978 prorsus

79 1995 210 2050 fallor,
242 1995 423 2051 scripsit:

219 2073 385 2114 Verum
420 2072 535 2113 haec
574 2073 706 2114 nobis
736 2073 968 2112 mutata
1006 2070 1254 2113 certamine
1285 2084 1339 2114 ex
1371 2072 1560 2114 honesto

220 2141 455 2185 maneant!

196 2219 276 2262 Ad
299 2220 468 2262 verbum
510 2232 678 2261 manere
717 2217 888 2261 Rothius
918 2217 942 2260 1.
974 2217 999 2261 l
1038 2230 1076 2273 p.
1105 2216 1189 2261 122
1221 2218 1339 2275 J'ubet
1370 2218 1561 2263 conferre

80 2288 166 2343 XV,
197 2288 250 2331 21
298 2290 629 2345 decernaturque
666 2293 706 2331 et
741 2291 911 2330 maneat
939 2288 1291 2341 provincialibus.
1362 2288 1435 2330 Cui
1464 2289 1558 2331 loco

81 2359 184 2403 adde
208 2361 256 2414 11,
288 2360 344 2403 83
370 2361 578 2416 pleraque
606 2364 783 2406 manent.
813 2358 918 2412 xm,
950 2356 1002 2399 51
1037 2362 1177 2400 manet
1204 2363 1341 2402 tamen
1372 2358 1560 2402 abolitio.

82 2428 184 2484 XIII,
216 2430 273 2473 28
302 2430 500 2473 manebat
527 2430 793 2472 nihilominus
822 2429 1027 2483 quaedam
1055 2429 1205 2483 imaqo.

625 2547 759 2598 Ann.
795 2546 887 2613 IV,
926 2547 1007 2597 49.

197 2641 322 2685 Arma
353 2647 547 2699 ceperant
572 2640 798 2685 Thraecum
828 2646 975 2699 gentes
1006 2644 1149 2684 contra
1180 2641 1439 2685 intentiorem
1468 2642 1559 2685 Ro-

82 2723 292 2756 manorum
334 2713 646 2758 dominationem
661 2744 673 2768 ,
725 2717 913 2769 prompto
958 2713 1133 2757 libertati
1179 2717 1248 2757 aut
1291 2712 1341 2756 ad
1386 2717 1559 2757 mortem
