1920 3188
902 95 1195 137 —22-..

425 226 552 274 Quam
592 226 672 268 late
712 226 751 267 in
790 224 977 267 Mediceo
1020 223 1204 267 secundo
1256 224 1524 282 dittographia
1565 229 1794 281 grassetur,

307 302 447 339 notum
479 301 555 338 est.
626 296 707 339 Sed
746 310 797 337 ne
837 297 876 337 in
916 296 1007 338 cod.
1048 296 1099 338 M.
1128 294 1164 336 1.
1205 296 1368 349 quidem
1410 295 1595 349 exempla
1635 295 1795 345 desunt,

306 380 413 421 quae
444 371 596 409 tantum
628 367 767 418 abest,
809 370 852 408 ut
881 365 1045 407 librario
1079 365 1221 408 deberi
1252 370 1387 421 putem
1420 366 1481 419 ei,
1512 366 1580 420 qui
1611 370 1794 407 nostrum

307 437 494 480 codicem
526 437 702 491 scripsit,
735 441 778 479 ut
801 436 1010 491 permultis
1031 436 1135 477 locis
1160 435 1254 477 mihi
1286 437 1326 478 in
1358 434 1642 492 expungendis
1676 436 1794 491 eJus-

307 507 417 549 modi
449 507 556 549 vitiis
587 507 654 548 ille
686 511 876 549 versatus
908 518 1004 548 esse
1036 505 1233 550 videatur.
1294 507 1350 549 Ita
1382 506 1602 551 transmisit
1633 505 1796 561 quidem

307 576 370 630 ΙΙΙ,
404 576 459 619 63
492 576 803 634 dittographiam
835 576 1050 620 absurdam
1082 582 1217 620 strato
1254 578 1466 620 nicidiuae
1496 578 1639 619 veneri
1679 578 1723 629 (i.
1758 590 1794 617 e.

308 648 570 690 Stratonicidi
601 649 795 699 Veneri);
841 649 1059 703 inportavit
1089 648 1270 690 fortasse
1305 648 1370 701 IV,
1403 647 1457 690 35
1489 648 1565 690 sed
1594 652 1642 689 et
1673 648 1797 689 etiam

310 719 381 769 (cf.
398 719 464 770 lV,
483 718 581 771 38);
614 731 755 760 verum
782 718 1058 775 expungendo
1079 718 1145 760 ille
1171 720 1309 761 verbis
1333 719 1519 775 injuriam
1541 718 1682 771 intulit,
1706 731 1797 760 cum

309 789 373 841 ΙΙΙ,
408 788 463 830 54
501 788 722 830 scriberet:
767 790 867 843 quia
896 789 1058 844 sibique
1089 802 1163 844 pro
1197 790 1296 844 quia
1325 789 1407 830 sibi
1438 790 1631 843 quisque,
1664 789 1796 830 mani-

309 859 417 901 festo
459 860 552 913 quis
591 872 666 913 pro
706 859 978 915 dittographia
1018 860 1222 915 accipiens
1262 872 1315 901 ex
1353 858 1626 913 praecedente
1666 859 1797 913 quias,

311 934 351 971 et
388 930 450 972 sic
489 929 623 971 multis
666 930 755 972 aliis
795 930 909 971 locis.
983 930 1094 971 Talia
1135 930 1259 984 igitur
1295 929 1470 985 vestigia
1507 941 1696 983 premens
1734 929 1798 969 hic

311 1011 478 1054 quoque
509 999 669 1041 nimiam
702 999 987 1055 expellendae,
1020 1013 1124 1055 quae
1145 999 1370 1053 videbatur,
1403 999 1698 1055 dittograpliiae
1719 1012 1797 1041 cu-

313 1083 399 1112 ram
433 1070 682 1125 deprehendi
714 1070 905 1126 suspicor
948 1075 987 1112 et
1025 1083 1212 1126 propono
1254 1070 1580 1113 emendationem
1612 1083 1635 1113 e
1667 1082 1799 1112 voca-

311 1141 407 1184 bulo
442 1142 675 1196 quaesitam
706 1142 766 1184 sic
799 1141 1062 1195 eliciendam,
1096 1146 1139 1183 ut
1168 1142 1363 1198 legatur?

455 1236 653 1288 Caesar,
699 1236 814 1277 flexo
857 1238 897 1277 in
942 1237 1217 1278 maestitiam
1261 1248 1366 1290 ore,
1417 1248 1546 1277 suam
1591 1236 1797 1277 invidiam

453 1306 535 1347 tali
569 1309 710 1347 morte
743 1308 1018 1362 quaesitam,
1062 1320 1083 1347 e
1113 1302 1283 1362 Sejano
1322 1309 1433 1361 aput
1464 1309 1669 1347 senatum
1705 1319 1797 1347 cre-

454 1377 635 1432 brisque
670 1377 1100 1433 interrogat-ionibus
1133 1378 1327 1432 exquirit
1360 1380 1446 1419 etc.

433 1469 603 1525 SeJano,
644 1469 854 1525 praefecto
887 1470 1102 1525 praetorii,
1141 1470 1288 1513 licebat
1326 1471 1433 1513 haud
1465 1470 1587 1513 dubie
1618 1475 1799 1513 senatum

313 1553 403 1582 cum
437 1540 616 1583 Caesare
654 1539 818 1596 ingredi
834 1540 900 1593 *);
951 1541 1124 1597 Sejanus
1165 1541 1295 1596 potuit
1336 1542 1463 1593 scire,
1501 1541 1611 1596 quod
1651 1540 1802 1584 Caesar

313 1611 619 1666 interrogabat,
665 1612 759 1665 quia
798 1624 881 1653 non
921 1611 1044 1653 modo
1082 1612 1272 1653 Pisonem
1311 1625 1333 1653 a
1373 1613 1531 1654 tribuno
1569 1612 1801 1667 praetoriae

316 1681 500 1723 cohortis
542 1681 705 1734 domum
748 1681 964 1723 deductum
997 1694 1029 1723 c.
1058 1681 1112 1723 14
1151 1683 1382 1736 accepimus
1421 1681 1495 1724 sed
1531 1681 1651 1724 facile
1682 1683 1801 1724 etiam

315 1752 563 1794 custoditum
604 1764 701 1793 esse
740 1751 849 1793 domi
886 1752 1095 1808 conjiciaS.
1159 1751 1298 1802 Quid?
1337 1752 1449 1807 quod
1478 1752 1642 1795 Tacitus
1679 1753 1801 1808 paulo

313 1827 407 1865 ante
439 1824 630 1875 narravit,
664 1835 740 1877 per
771 1835 873 1865 vana
904 1822 1109 1877 promissa
1142 1835 1234 1865 eum
1266 1836 1288 1864 a
1320 1822 1470 1878 Sejano
1502 1824 1660 1865 elusum
1693 1836 1802 1875 esse,

314 1906 366 1934 nc
398 1892 589 1944 libellum,
623 1893 774 1934 Tiberii
798 1892 983 1934 mandata
1012 1893 1051 1934 in
1077 1891 1361 1935 Germanicum
1386 1893 1674 1947 continentem,
1705 1893 1802 1936 vul-

313 1968 444 2018 garet.
507 1962 681 2018 Sejanus
726 1963 849 2018 igitur
890 1964 978 2018 ipse
1020 1976 1094 2018 per
1131 1964 1223 2006 illos
1266 1963 1354 2005 dies
1399 1976 1583 2019 magnam
1623 1964 1683 2006 rei
1724 1969 1802 2006 tam

315 2034 499 2088 suspecti
532 2046 669 2075 curam
703 2034 893 2090 gessisse
923 2033 1123 2087 putandus
1146 2039 1218 2076 est.
1272 2033 1441 2075 Accedit
1464 2033 1575 2088 quod
1602 2038 1643 2076 et
1665 2034 1802 2087 verba,

313 2104 386 2144 illo
406 2105 610 2159 pleraque
640 2104 955 2158 sapienter,
988 2105 1191 2158 quaedam
1221 2105 1593 2148 inconsultius
1621 2118 1803 2160 respon-

315 2175 435 2217 dente
475 2175 625 2229 optime
669 2176 708 2216 in
752 2175 943 2230 SeJanum
987 2175 1137 2217 cadere
1179 2172 1385 2228 videntur,
1429 2180 1473 2217 ut
1515 2177 1582 2231 qui
1611 2177 1679 2218 vel
1711 2176 1802 2218 dic-

315 2251 396 2287 tum
429 2245 594 2300 aliquod
626 2245 810 2297 Pisonis,
843 2245 952 2299 quod
986 2245 1204 2288 Caesarem
1235 2250 1453 2302 gravaret,
1487 2246 1553 2288 vel
1585 2246 1636 2288 de
1665 2245 1802 2288 libello

314 2316 393 2357 isto
426 2314 575 2369 aliquid
607 2315 742 2370 paullo
774 2316 1042 2358 inconsultius
1074 2316 1276 2358 fabulatus
1316 2315 1493 2371 prodere
1525 2317 1722 2372 potuerit,
1764 2322 1804 2358 et

316 2385 368 2426 ita
407 2384 571 2439 quidem
610 2386 728 2427 etiam
760 2385 955 2440 prodidit,
1001 2391 1044 2428 ut
1082 2387 1286 2429 sinistram
1330 2386 1669 2429 existimationem
1708 2387 1803 2428 inde

318 2454 496 2496 fortasse
516 2456 707 2497 orituram
732 2457 919 2498 Tiberius
949 2456 1157 2499 recitando
1183 2456 1394 2499 codicillos
1419 2471 1440 2500 a
1461 2457 1609 2500 Pisone
1628 2469 1802 2512 compo-

408 2643 445 2688 *)
472 2643 515 2677 cf.
542 2641 706 2687 Bekker,
742 2643 877 2678 Handb.
916 2645 948 2679 d.
983 2649 1069 2680 rom.
1104 2644 1250 2681 Alterth.
1277 2645 1318 2690 ΙΙ,
1345 2646 1377 2683 3.
1415 2657 1448 2691 p·
1472 2645 1551 2683 227.
1601 2645 1666 2682 Dio
1702 2644 1800 2682 Cass.

316 2702 385 2745 LX,
411 2702 468 2737 23.
1425 2714 1430 2717 ’
