1920 3188
928 117 1218 159 ,14-

904 246 1040 296 Ann.
1067 244 1109 309 I,
1150 246 1231 295 69.

444 334 679 395 Agrippina,
706 337 937 381 Germanici
968 338 1135 394 conjux,
1168 339 1343 381 servatis
1376 343 1416 381 et
1444 337 1627 380 reversis
1650 350 1673 379 e
1699 336 1809 379 Ger—

327 410 458 452 mania
498 408 755 466 legionibus,
797 411 885 464 ipsa
925 408 1117 450 militibus
1157 407 1300 450 laudes
1341 414 1382 450 et
1419 413 1557 463 grates
1600 407 1809 450 habuerat.

325 478 386 534 Id,
420 479 585 522 Tacitus
617 478 745 533 addit,
778 479 930 522 Tiberii
962 478 1135 521 animum
1168 478 1285 522 altius
1316 480 1557 534 penetravit.

467 575 559 615 Non
601 576 716 616 enim
760 572 992 630 simplices
1032 585 1114 614 eas
1156 585 1314 627 curas,
1362 587 1443 615 nec
1485 574 1703 616 adversus
1737 585 1811 614 ex·

468 648 624 686 ternos
654 641 842 684 militem
873 646 1044 700 quaeri.

445 736 521 779 Ms.
564 736 765 788 militum,·
804 737 913 778 unde
956 735 1230 778 Doederlinus
1272 737 1444 778 militum
1482 738 1624 779 studia
1664 736 1812 791 quaeri

327 808 558 862 suspicatus
589 811 665 856 est,
698 805 808 861 quod
841 806 1021 848 Halmius
1051 807 1092 848 in
1123 810 1276 848 textum
1308 819 1440 862 nuper
1469 809 1637 863 recepit.
1697 806 1811 849 Haa-

327 878 413 920 sius
445 876 570 919 edidit
599 878 781 931 qratiam
807 878 967 931 quaeri.
1018 878 1131 925 Quae
1157 882 1328 932 utraque
1349 877 1502 919 locutio
1527 890 1650 932 quum
1668 878 1811 919 nescio

328 946 423 1002 quid
454 947 564 988 nimii
597 948 738 1002 sapiat,
770 946 927 988 mallem
958 970 1016 977 —
1048 948 1084 988 si
1115 946 1182 988 tali
1215 947 1453 1002 conjectura
1485 959 1588 1003 opus
1621 952 1734 990 esset
1755 970 1812 979 —

326 1019 489 1060 animos
518 1018 704 1069 militum,
737 1017 847 1071 quod
880 1017 1122 1059 vocabulum
1154 1016 1233 1058 «ff
1263 1018 1456 1072 scriptum
1487 1022 1655 1073 propter
1682 1030 1807 1072 prae-

329 1087 540 1129 cedentem
572 1087 767 1143 syllabam
790 1100 870 1129 nos
891 1087 1010 1130 facile
1031 1092 1204 1143 poterat,
1237 1088 1354 1143 quasi
1387 1088 1654 1145 dittographia
1687 1094 1813 1142 esset,

327 1172 349 1200 a
382 1159 546 1201 librario
580 1159 763 1213 opprimi.
827 1158 910 1201 Sed
932 1170 1014 1200 non
1042 1170 1145 1213 opus
1172 1163 1235 1199 est
1261 1159 1325 1200 tali
1353 1159 1464 1200 velut
1484 1159 1812 1213 interpolatione,

328 1230 421 1284 quia
453 1229 617 1271 Tacitus
651 1241 852 1284 quaerere
876 1228 1056 1283 aliquem
1088 1240 1162 1282 pro
1194 1240 1269 1271 sua
1300 1228 1502 1281 brevitate
1533 1234 1738 1284 ursurpat,
1770 1235 1813 1271 ut

329 1299 532 1355 significet
562 1299 683 1341 adire
714 1299 891 1353 aliquem
916 1299 1126 1341 amicitiae
1157 1303 1196 1339 et
1223 1299 1390 1353 qratiae
1414 1299 1644 1352 parandae
1669 1312 1812 1342 causa.

328 1369 380 1410 cf.
413 1369 516 1410 Ann.
542 1368 608 1420 IV,
641 1367 721 1411 68:
760 1367 824 1409 Ac
852 1371 947 1422 Jam
988 1369 1100 1410 ultro
1138 1368 1322 1411 Sabinus
1354 1382 1556 1424 quaerere
1585 1369 1810 1421 Latiarem,

327 1442 534 1481 ventitare
566 1439 748 1489 domum,
794 1438 962 1480 dolores
990 1451 1091 1480 suos
1122 1440 1243 1492 quasi
1274 1440 1334 1481 ad
1358 1439 1601 1493 fidissimum
1633 1440 1809 1494 deferre.

329 1509 398 1552 Sin
430 1513 563 1552 autem
594 1508 828 1564 praeferas,
866 1508 1109 1552 vocabulum
1146 1510 1308 1553 animos
1337 1510 1543 1562 inserere,
1585 1510 1712 1553 habes
1742 1510 1811 1552 lo-

328 1593 439 1632 cum,
482 1592 564 1634 quo
606 1593 694 1621 eam
732 1580 951 1621 lectionem
993 1580 1159 1621 tuearis.
1233 1579 1436 1622 Simillima
1469 1579 1519 1622 de
1550 1592 1675 1623 causa
1706 1579 1811 1622 idem

328 1650 518 1693 Tiberius
550 1662 640 1691 cum
675 1648 859 1691 Gallione
893 1649 1128 1704 expostulat
1157 1649 1261 1693 Ann.
1287 1649 1352 1702 Vl,
1374 1649 1421 1692 3:
1452 1648 1520 1692 An
1544 1651 1691 1704 potius
1721 1651 1812 1692 dis-

329 1721 520 1762 cordiam
551 1725 591 1761 et
618 1720 861 1761 seditionem
893 1720 1141 1773 quaesitam,
1186 1732 1269 1773 qua
1299 1720 1426 1761 rudes
1456 1721 1620 1762 animos
1649 1721 1813 1762 nomine

326 1790 501 1832 honoris
531 1790 591 1832 ad
619 1790 967 1845 corrumpendum
996 1790 1168 1832 militiae
1198 1803 1352 1833 morem
1379 1791 1645 1845 propelleret.

912 1941 1047 1992 Ann.
1071 1940 1139 2006 H,
1180 1943 1226 1991 9.

448 2036 545 2078 Cum
579 2035 844 2077 Germanicus
877 2036 1102 2077 exercitum
1140 2036 1180 2076 in
1212 2035 1394 2077 dextram
1426 2034 1605 2077 Amisiae
1636 2034 1810 2078 fluminis

327 2107 453 2161 ripam
486 2106 717 2161 traJecisset
748 2109 789 2147 et
814 2106 897 2160 jam
930 2104 1075 2147 flumen
1094 2106 1282 2159 Visurgis
1315 2106 1522 2147 Romanos
1549 2105 1810 2148 Cheruscos-

329 2189 409 2229 que
435 2176 707 2227 interflueret,
749 2177 880 2217 oravit
911 2175 1117 2217 Arminius
1155 2180 1198 2217 ut
1233 2175 1376 2216 liceret
1417 2188 1507 2217 cum
1546 2174 1673 2218 fratre
1704 2187 1810 2218 con-

327 2246 461 2301 loqui:

468 2329 577 2370 Erat
610 2330 649 2369 is
682 2330 723 2369 in
770 2330 997 2382 exercitu,
1039 2332 1335 2386 cognomento
1378 2328 1574 2383 Flavus,
1618 2330 1810 2386 insignis

469 2400 555 2441 fide
590 2404 637 2440 et
669 2400 836 2441 amisso
868 2411 949 2455 per
980 2399 1141 2440 vulnus
1171 2400 1303 2441 oculo
1335 2401 1491 2455 paucis
1525 2402 1630 2440 ante
1663 2401 1809 2454 annis,

469 2470 582 2511 duce
625 2470 819 2511 Tiberio.
895 2466 1006 2509 Tum
1045 2469 1278 2520 permissu
1312 2504 1319 2512 .
1356 2500 1365 2510 .
1399 2496 1410 2512 .
1444 2481 1811 2527 progressusque

471 2539 692 2582 salutatur
726 2542 779 2583 ab
812 2542 1021 2582 Arminio.

443 2634 486 2675 In
518 2633 597 2675 hoc
629 2634 722 2676 loco
749 2633 991 2688 explicando
1017 2633 1081 2675 vel
1108 2632 1360 2676 emendando
1391 2633 1469 2675 viri
1497 2633 1604 2676 docti
1627 2634 1812 2676 laborant

328 2705 500 2759 frustra,
540 2704 718 2759 ideoque
749 2705 865 2759 Nipp.
898 2704 1023 2746 Halm.
1055 2703 1175 2747 Haas.
1222 2704 1403 2746 editores
1441 2704 1603 2760 signum
1641 2704 1811 2747 lacunae

1914 365 1920 409 ἔ
