1920 3188
889 107 1175 151 „58-

290 240 333 278 et
369 235 597 293 intelliges,
641 236 851 292 quomodo
894 236 1087 294 abjectis,
1130 250 1237 294 quae
1279 205 1519 283 videbantur
1558 236 1779 294 superflua,

290 312 423 350 ortum
454 308 529 350 sit:

430 402 603 459 Hisqua
636 433 646 443 .
674 436 682 444 .
718 433 726 442 .
761 433 771 443 .
804 432 814 443 .
849 414 1010 458 nquam
1041 404 1158 445 Nero

407 494 501 537 Non
539 494 665 551 igitur
701 493 867 537 audacis
900 496 1000 549 erit,
1042 496 1182 539 Tacito
1214 509 1289 541 sua
1319 497 1559 549 restituere,
1600 495 1693 538 dum
1727 508 1781 537 ex

290 565 359 608 illo
392 569 577 608 monstro
610 565 821 608 humanam
853 564 1001 609 faciem
1032 566 1198 622 prodire
1228 568 1289 610 sic
1313 566 1510 624 Jusseris:

433 661 571 716 Hisq3
603 670 739 701 uaaena
761 661 902 714 mota,
934 663 1150 716 tanquam
1170 662 1287 704 Nero
1314 662 1593 718 poenitentia
1622 661 1779 717 flagitii

432 728 673 787 conjugem
706 729 991 772 revocaverit
1023 731 1258 774 Octaviam.
1319 732 1425 774 Exin
1457 731 1565 773 laeti
1597 734 1683 773 etc.

408 822 703 878 Confirmatur‚
744 823 855 878 quod
896 824 1171 880 conjecimus,
1214 824 1390 870 lectione
1431 823 1522 866 cod.
1562 823 1664 879 Agr.
1702 829 1780 864 n'ec

289 905 372 935 non
412 892 532 936 codd.
577 892 710 936 Guelf.
750 893 859 937 Harl.
892 892 1005 936 Bodl.
1034 892 1122 935 Jes.
1166 893 1234 948 qui
1280 905 1424 936 omnes
1462 905 1608 943 vocem
1646 896 1780 935 motus

290 963 497 1006 exhibent.
533 964 655 1017 fama
685 967 819 1005 autem
852 973 980 1018 saepe
1009 962 1144 1005 littera
1174 975 1203 1005 u
1233 963 1384 1019 scripta
1413 963 1633 1019 reperitur.
1694 962 1780 1005 Ce-

290 1038 421 1077 terum
454 1032 601 1076 confer
631 1045 666 1076 c.
699 1031 756 1075 58
788 1038 947 1087 tempus
973 1033 1236 1088 'interjectum
1264 1037 1456 1076 moverat
1481 1034 1655 1088 famam.

409 1103 588 1146 Tertium
620 1101 798 1157 deanue
831 1103 1061 1158 exemplum
1092 1103 1219 1146 habes
1251 1102 1356 1146 Ann.
1375 1095 1463 1157 XV,
1487 1102 1555 1145 38.
1603 1103 1779 1146 Descri-

290 1173 399 1217 bitur
430 1177 551 1216 atrox
580 1171 679 1216 illud
708 1172 823 1215 urbis
854 1171 1105 1216 incendium:

433 1268 491 1310 ad
522 1268 607 1309 hoc
638 1267 839 1309 lamenta
868 1269 1123 1324 paventium
1152 1267 1434 1323 feminarum,
1467 1265 1597 1309 fessa
1627 1270 1780 1309 aetate

432 1341 513 1380 aut
543 1337 671 1380 rudis
702 1339 926 1396 pueritiae
958 1342 1115 1393 aetas,
1157 1340 1322 1396 quique
1355 1338 1442 1380 sibi
1475 1339 1643 1395 quique
1675 1338 1777 1384 aliis

437 1408 738 1451 consulebant
770 1411 855 1451 etc.

409 1501 592 1543 Halmius
624 1514 715 1545 cum
741 1500 992 1543 Doederlino
1024 1506 1065 1543 et
1089 1501 1244 1543 Orellio
1275 1501 1392 1543 uncis
1422 1500 1593 1542 seclusit
1622 1504 1779 1551 aetate3

289 1570 565 1626 Nipperdeius
596 1570 831 1614 exturbavit
853 1582 1000 1613 vocem
1024 1574 1156 1623 aetas,
1186 1575 1231 1613 ut
1253 1569 1430 1613 feminae
1452 1569 1609 1613 scilicet
1639 1574 1781 1613 essent

290 1645 360 1683 aut
392 1640 507 1683 fessa
549 1645 683 1683 aetate
725 1645 794 1683 aut
836 1641 949 1683 rudis
988 1641 1187 1695 pueritiae
1230 1645 1340 1692 (nam
1372 1652 1494 1683 nemo
1525 1651 1632 1684 unus
1663 1645 1778 1683 certe

289 1710 510 1768 cogit-ando
554 1710 764 1754 additurus
813 1716 928 1754 esset
972 1710 1175 1764 homines,
1226 1711 1319 1766 qui,
1369 1711 1477 1754 sicut
1507 1711 1689 1754 lamenta
1718 1734 1779 1745 -—

289 1783 460 1836 quique,
497 1781 577 1837 ipsi
616 1786 732 1824 erant
769 1781 1017 1836 appellandi)
1026 1796 1039 1833 ;
1073 1805 1125 1811 —-
1164 1781 1338 1824 Haasius
1381 1781 1486 1824 adeo
1515 1782 1777 1835 feminarum,

289 1856 440 1902 aetate,
465 1852 689 1905 pueritiae,
731 1851 807 1893 tria
838 1851 958 1895 simul
988 1851 1115 1893 verba
1144 1855 1332 1906 tanquam
1363 1851 1612 1907 peregrinos
1643 1862 1778 1905 quos-

288 1920 379 1967 dam
418 1919 647 1963 nebulones
690 1920 919 1975 capitalium
958 1920 1169 1963 criminum
1213 1925 1432 1976 suspectos
1472 1921 1513 1962 in
1552 1920 1777 1963 custodiam

287 1989 452 2033 inclusit
461 2005 475 2043 3
515 1990 695 2034 Ritterus
728 2003 783 2033 ex
814 1992 1072 2047 conjectura:
1112 1991 1229 2045 fessa
1259 2004 1392 2043 aevo3
1436 1989 1652 2034 admodum
1681 1991 1776 2034 lan-

287 2060 426 2116 guide.
488 2060 543 2103 At
574 2060 671 2116 quid
709 2060 894 2113 tandem,
937 2072 1118 2115 quaeso,
1155 2061 1323 2116 impedit
1360 2061 1577 2117 quominus
1616 2060 1776 2103 fortiter

287 2142 538 2186 reponamus
568 2130 811 2174 senectute?
863 2130 985 2173 Extat
1014 2131 1055 2173 in
1086 2129 1178 2174 cod.
1210 2131 1312 2185 XIII,
1344 2130 1401 2174 35
1432 2137 1569 2175 sectus
1598 2144 1674 2187 pro
1704 2146 1776 2175 se-

287 2206 443 2243 nectus.
489 2200 596 2250 Quid
625 2201 753 2257 igitur
781 2200 1017 2255 proclivius,
1048 2213 1166 2255 quam
1198 2202 1375 2256 priorem
1400 2201 1596 2256 syllabam
1615 2215 1661 2244 se
1683 2206 1778 2257 post

284 2272 403 2325 fessa
432 2271 520 2326 (fes
547 2283 643 2313 sase
674 2274 815 2324 ctute),
850 2275 894 2313 ut
924 2270 1224 2327 dittographIae
1254 2282 1412 2326 poenas
1441 2271 1575 2315 lueret
1604 2272 1777 2328 ejectam

288 2342 420 2384 esse?
463 2341 565 2385 Nam
598 2346 707 2384 ctute
736 2341 858 2384 facile
888 2340 1019 2384 videri
1049 2346 1212 2396 poterat
1241 2353 1340 2385 esse
1369 2347 1478 2385 etate
1506 2343 1531 2386 i.
1562 2354 1598 2384 e.
1629 2346 1774 2384 aetate.

285 2411 337 2453 Et
368 2412 557 2466 exposcit
586 2412 813 2454 sententiae
844 2411 1096 2455 concinnitas
1121 2419 1279 2469 ‘magno
1316 2412 1497 2455 clamore
1533 2412 1614 2458 hoc
1644 2424 1775 2455 voca-

285 2481 438 2534 bulum,
471 2486 513 2523 ut
537 2482 725 2535 pueritia
754 2482 913 2535 habeat,
946 2483 1012 2524 cui
1041 2494 1095 2524 ex
1118 2482 1309 2537 opposito
1333 2481 1605 2542 respondean
1622 2482 1773 2524 Lucan.

197 2595 200 2597 ,
284 2550 351 2604 ΙΙΙ,
383 2549 472 2592 724
499 2550 638 2604 sessus
667 2556 847 2594 senecta.
881 2550 976 2594 Stat.
1009 2550 1102 2594 silv.
1127 2551 1192 2605 111,
1215 2550 1255 2595 3.
1281 2551 1347 2594 14.
1376 2552 1558 2607 fessique
1587 2557 1775 2595 senectus

286 2621 415 2677 lonya
446 2621 600 2676 patris.
658 2621 738 2664 Cic.
781 2622 832 2664 de
869 2621 954 2665 Fin.
987 2622 1036 2675 V,
1071 2620 1139 2664 11.
1201 2621 1400 2665 Homines
1428 2627 1636 2666 senectute
1667 2635 1773 2665 con-

283 2692 397 2745 fecti.
460 2692 555 2735 Tac.
586 2691 687 2734 Hist.
719 2692 783 2734 111.
816 2692 871 2734 65
902 2692 1114 2736 invalidus
1143 2698 1324 2736 senecta.
