1920 3188
707 142 994 187 ..49-

115 276 367 330 importata}
386 273 548 317 civitate
577 274 717 330 potius
747 286 824 319 suo
851 276 956 332 jure.
978 274 1244 317 donabuntur.
1304 272 1424 324 Quod
1454 278 1591 317 autem

116 343 377 387 Thierscbius
403 345 615 398 censet*),
638 346 700 388 vir
727 346 977 389 clarissimus
998 349 1039 388 et
1062 344 1155 387 mihi
1179 356 1359 399 quoque,
1377 350 1423 388 ut
1439 344 1588 397 multis,

114 416 178 472 pia
201 414 472 457 veneratione
494 415 706 470 colendus,
737 415 1035 472 suspiciendus,
1054 413 1326 470 admirandus,
1352 414 1529 459 Ernestii
1548 419 1591 458 et

113 484 351 529 Doederlini
376 487 734 541 transpositionem
765 488 882 530 uncis
906 486 1109 530 Gerlachii
1136 485 1446 542 praeferendam
1476 498 1588 541 esse,

114 557 152 600 ei
177 556 406 599 sententiae
438 556 627 612 equidem
651 557 886 613 adstipulari
907 570 989 601 non
1005 570 1191 613 possum,
1220 557 1315 613 quia
1342 557 1465 613 paulo
1494 562 1589 600 ante

113 628 288 683 legimus
331 627 480 670 eodem
518 627 610 670 fere
647 640 793 671 sensu:
822 630 936 683 —pari
970 629 1287 672 humanitate
1323 628 1588 682 excipiamur

114 710 170 741 sc.
202 696 408 752 hospites,
450 710 541 740 cum
571 698 798 754 proximam
828 699 992 741 domum
1021 711 1104 742 non
1132 698 1288 742 invitati
1317 710 1397 741 una
1428 698 1589 740 adeunt.

113 768 425 823 'Et-corruptela
456 768 588 812 facilis
627 774 691 813 est
721 769 933 826 expeditu:
977 782 1052 825 pro
1082 775 1239 812 rectum
1267 771 1313 811 in
1340 770 1422 812 iter
1452 769 1589 824 scrip-

113 844 193 881 tum
225 843 322 894 puto
355 838 486 882 fuisse
517 840 813 896 compendiose
835 842 952 883 recti}
980 854 1020 881 m
1049 841 1151 893 iter,·
1182 845 1396 895 postquam
1428 852 1482 882 ex
1510 840 1590 882 iter

112 910 260 953 factum
292 915 356 953 est
384 911 504 963 inter,
538 912 663 954 etiamv
682 912 831 954 comit*
860 923 943 955 non
965 924 1039 967 pro
1070 911 1199 954 verbo
1232 910 1306 954 sed
1337 923 1412 967 pro
1444 910 1589 967 adjec-

113 982 194 1024 tivo
227 982 356 1024 comis
397 986 608 1037 acceptum
629 988 689 1025 -et
728 984 846 1027 recti}
879 995 1103 1039 perperam
1145 981 1322 1025 solutum
1360 983 1401 1024 in
1437 986 1589 1033 rectus,

112 1051 221 1096 unde
250 1064 350 1095 mox
377 1053 523 1095 victua,
596 1053 687 1103 Quo
727 1053 779 1096 de
807 1054 892 1097 vitii
922 1066 1080 1111 genere
1110 1052 1204 1096 vide
1234 1065 1341 1109 quae
1370 1052 1589 1096 adnotavi-

112 1134 202 1165 mus
233 1123 284 1165 ad
314 1122 419 1165 Ann.
439 1123 469 1177 Ι,
496 1123 650 1167 15.«-’-
680 1124 744 1166 Ex
774 1124 875 1167 falsa
907 1124 1092 1181 ejusdem
1123 1124 1352 1179 compendii
1382 1123 1589 1166 solutione

112 1194 207 1236 licet
229 1194 348 1237 etiam
372 1194 611 1238 confirmare
634 1193 841 1252 Spengelii
866 1195 1190 1239 emendationem
1212 1194 1263 1238 ad
1281 1195 1375 1237 Tac.
1397 1193 1500 1237 Dial.
1520 1192 1585 1235 19.

111 1266 402 1308 narrationum
428 1278 502 1321 pro
528 1266 800 1317 narrationis,
832 1267 1021 1321 quoniam
1052 1266 1147 1308 illud
1180 1271 1348 1321 propter
1371 1265 1587 1307 concinni-

112 1341 245 1390 tatem,
277 1336 388 1392 quod
418 1338 472 1380 ait
501 1337 564 1379 vir
593 1336 897 1392 celeberrimus,
929 1350 1020 1381 cum
1051 1336 1314 1380 multitudinis
1345 1346 1517 1379 numero
1548 1335 1588 1377 in

107 1408 411 1462 principiorum
445 1413 485 1450 et
515 1409 763 1451 divisionum
792 1408 965 1465 flagitari
995 1407 1213 1452 admodum
1242 1406 1453 1463 probabile
1484 1408 1546 1450 sit.

196 1646 199 1648 Ι
631 1573 765 1649 Ann.
801 1572 952 1659 Xan,
990 1575 1073 1624 41.

186 1700 190 1702 Δ
227 1678 435 1732 Artaxata,
466 1684 587 1735 caput
614 1650 915 1734 Armeniorum,
951 1693 975 1723 a
1007 1679 1243 1723 Corbulone
1273 1677 1378 1722 duce
1404 1678 1587 1722 Romano

112 1752 225 1803 capta
256 1749 473 1805 deletaque
503 1754 545 1792 et
573 1750 665 1793 solo
696 1755 869 1805 aequata
900 1755 1016 1793 sunt:

204 1862 208 1865 ’
251 1843 448 1886 Adicitur
490 1845 752 1887 miraculum
799 1844 926 1887 velut
969 1845 1146 1886 numine
1192 1842 1421 1886 oblatum:
1485 1857 1586 1887 nam

251 1919 412 1957 cuncta
443 1919 577 1958 extra
601 1915 738 1958 tectis
759 1919 946 1958 actenus
971 1915 1072 1958 sole
1096 1915 1293 1957 illustria
1316 1913 1446 1958 fuere
1469 1913 1589 1972 quod

248 1989 434 2039 repente
463 1986 695 2030 moenibus
723 1985 992 2043 cinqebatur
1014 1986 1085 2028 ita
1111 1987 1372 2029 atra‘nube
1403 1999 1586 2044 cooper-

173 2062 176 2065 ’
250 2059 342 2098 tum
375 2055 727 2115 fulguribusque
768 2059 1010 2100 discretum
1049 2062 1142 2112 est,
1191 2062 1240 2099 ut
1280 2060 1413 2114 quasi
1443 2056 1586 2099 infen-

250 2128 456 2171 santibus
489 2127 588 2170 deis
620 2130 756 2172 exitio
787 2128 906 2172 tradi
937 2128 1206 2171 crederetur.

225 2232 337 2279 Haec
367 2238 561 2290 corrupte
590 2233 642 2276 M.
705 2234 821 2284 Quae
860 2233 926 2277 diu
967 2246 1043 2290 pro
1082 2232 1247 2289 vulgata
1277 2229 1352 2282 fuit
1381 2232 1524 2286 lectio,
1563 2246 1586 2275 a

110 2299 247 2355 Lipsio
285 2303 491 2357 profecta,
535 2306 654 2348 tectis
693 2310 810 2347 tenus
846 2317 977 2359 nuper
1014 2304 1063 2345 ab
1101 2302 1258 2345 Halmio
1297 2307 1461 2356 recepta
1501 2307 1586 2353 est;

110 2381 191 2415 non
220 2374 352 2430 magis
394 2373 490 2416 mihi
527 2386 647 2429 quam
678 2373 888 2417 Waltbero
930 2373 1157 2429 perspicua.
1226 2370 1306 2413 Alii
1343 2371 1420 2414 alia
1449 2376 1585 2414 tenta-

109 2448 255 2485 verunt
261 2458 275 2495 ς
307 2456 451 2486 omnes
481 2443 645 2498 frustra,
677 2445 771 2499 quia
802 2457 893 2488 cum
923 2445 1021 2487 vitio
1044 2442 1317 2495 obscuritatis,
1349 2455 1472 2498 quum
1501 2442 1586 2487 Ta-

110 2512 213 2556 citea
248 2514 379 2557 oratio
417 2514 565 2569 ubique
604 2515 641 2558 si
678 2527 761 2558 non
802 2515 919 2570 plana
957 2518 997 2557 at
1033 2511 1240 2568 perlucida
1272 2512 1334 2555 sit.
1397 2512 1449 2556 At
1480 2514 1586 2556 enim

109 2593 293 2639 corrige:

202 2759 403 2805 *ymnum
431 2758 504 2796 oei.
530 2759 617 2797 Am.
645 2759 746 2795 1850.
773 2770 807 2805 p.
835 2760 913 2796 112.
