1920 3188
918 148 1206 190 -20-

307 279 576 335 importunae.
648 278 829 334 Scriptas
868 279 1005 338 potius
1045 278 1270 324 sententias
1308 276 1535 323 attulissent
1566 289 1685 332 quam
1719 275 1800 319 du-

307 352 415 394 biam
448 351 788 394 consultationem
814 351 987 398 inissent
1009 355 1049 393 et
1074 355 1235 430 tempus
1255 350 1477 405 'perderent
1507 352 1614 390 nunc
1640 347 1801 390 demum

309 422 588 484 deliberando,
620 421 868 476 perorando,
901 421 1158 477 inquirendo,
1177 446 1235 453 —
1258 422 1375 475 quasi
1399 420 1557 464 scilicet
1585 419 1800 474 quaestio—

309 494 372 536 nis
405 493 621 549 quidquam
655 505 702 535 ca
735 505 804 536 res
836 492 1026 535 haberet!

426 565 489 605 De
530 565 822 619 conjunctivo
836 562 1223 618 plusquamperfecti
1261 563 1302 604 in
1346 561 1548 618 ejusmodi
1587 561 1800 604 sententiis

310 634 362 676 cf.
397 633 575 690 Madvig.
604 633 777 677 Gramm.
808 634 894 678 Lat
917 636 957 688 ξ.
980 633 1077 678 352.
1098 633 1137 678 b.
1177 632 1328 675 Adnot.
1350 632 1390 677 4
1426 633 1506 675 Cur
1528 638 1659 675 autem
1678 632 1801 674 Wal-

309 705 452 748 therus
494 706 723 758 censuerit,
768 705 973 747 Tiberium
1015 705 1196 748 abnuere
1232 716 1314 747 non
1351 704 1536 759 potuisse
1574 703 1802 746 Germanici

310 788 455 817 necem
487 768 769 817 fraudulenter
799 780 1015 830 patratam,
1056 787 1138 817 non
1178 775 1397 831 perspicio.
1468 774 1574 824 Quid
1605 773 1718 830 quod
1749 785 1801 815 nc

311 858 415 901 opus
447 845 610 900 quidem
643 859 740 889 esse
770 851 868 901 puto
902 847 1092 889 cautione
1132 846 1199 888 illa
1238 844 1456 887 admodum
1488 846 1800 899 circumspecta,

311 929 390 969 qua
422 915 789 971 Bezzenbergerus
828 929 915 957 rem
957 918 1009 957 ita
1043 915 1236 969 explicat:
1280 915 1535 968 „abnuerunt
1566 919 1606 956 et
1634 914 1729 957 Piso
1761 917 1803 955 et

311 985 500 1029 Tiberius
533 987 648 1028 credi
678 999 761 1028 non
788 999 916 1040 posse
941 985 1225 1029 Germanicum
1257 986 1450 1028 interisse
1481 986 1571 1028 sine
1610 985 1804 1036 fraude“;

314 1069 422 1110 quae
456 1057 616 1110 quidem
651 1057 869 1110 explicatio
902 1057 1089 1098 subtilior
1121 1062 1207 1109 est,
1252 1069 1371 1110 quam
1409 1060 1453 1097 ut
1483 1067 1557 1110 pro
1595 1067 1695 1098 vera
1724 1055 1803 1097 ha—

310 1126 441 1168 beam.
484 1126 608 1168 Immo
643 1127 871 1169 abnuerunt
902 1131 942 1168 et
973 1139 1049 1169 suo
1077 1128 1172 1182 Jure
1204 1126 1444 1169 videbantur
1465 1127 1660 1176 abnuere,
1692 1126 1802 1180 quod

311 1202 479 1238 senatus
510 1198 806 1250 perseverabat
837 1196 1034 1238 credere:
1081 1195 1364 1238 Germanicum
1404 1195 1549 1237 fraude
1579 1195 1801 1237 interiisse.

310 1266 369 1308 Ea
402 1266 507 1308 enim
540 1267 741 1309 sententia
774 1266 948 1309 efficitur
978 1266 1127 1321 duplici
1152 1267 1373 1323 negatione
1394 1279 1607 1321 nunquam
1636 1272 1677 1308 et
1699 1268 1800 1308 sine.

312 1336 395 1379 Suo
423 1338 518 1391 Jure
551 1338 777 1379 abnuerunt
809 1343 849 1379 et
881 1338 1136 1389 obstiterunt,
1170 1337 1386 1390 quominus
1408 1348 1459 1378 eo
1479 1337 1643 1378 nomine
1674 1349 1802 1379 sena-

312 1411 377 1448 tus
410 1407 640 1449 consultum
671 1407 811 1460 fieret,
857 1408 957 1462 quia
994 1421 1047 1449 ne
1085 1412 1358 1450 accusatores
1396 1408 1560 1463 quidem
1589 1409 1696 1451 satis
1722 1409 1802 1462 fir-

311 1477 485 1519 mabant
523 1479 670 1518 veneni
712 1479 889 1530 crimen,
930 1480 975 1519 in
1018 1479 1211 1519 convivio
1244 1478 1505 1529 Germanici,
1548 1491 1639 1519 cum
1675 1491 1804 1536 super

312 1560 402 1587 eum
425 1546 521 1588 Piso
554 1547 842 1599 discumberet,
874 1549 1054 1602 infectos
1079 1548 1273 1591 manibus
1303 1550 1393 1602 ejus
1423 1548 1541 1590 cibos
1569 1553 1801 1602 arquentes.

314 1617 477 1671 Quippe
519 1618 747 1659 absurdum
788 1618 1011 1659 videbatur
1042 1623 1118 1660 etc.
1190 1618 1255 1659 An
1300 1617 1473 1660 debebat
1509 1630 1591 1659 non
1622 1618 1803 1660 abnuere

313 1687 517 1740 Tiberius,
551 1699 602 1728 ne
635 1688 827 1730 conscius
859 1688 1035 1730 criminis
1069 1689 1199 1744 magis
1232 1689 1351 1731 etiam
1383 1693 1719 1744 suspectaretur?
1750 1688 1803 1731 At

312 1758 348 1799 si
379 1757 420 1798 id
449 1758 583 1812 ipsum
616 1758 778 1801 Tacitus
811 1759 940 1802 voluit
978 1760 1095 1814 quasi
1140 1760 1272 1802 obiter
1308 1759 1488 1813 reterre,
1538 1773 1629 1803 eam
1671 1759 1802 1802 fuisse

313 1828 464 1870 Tiberii
507 1829 548 1870 in
587 1829 851 1884 reprimendo
892 1831 1040 1872 veneni
1081 1831 1249 1872 crimine
1288 1830 1559 1887 diligentiam,
1603 1836 1646 1873 ut
1683 1830 1803 1873 facile

311 1899 452 1954 populi
484 1900 744 1953 suspiciones
772 1901 906 1955 Justas
934 1901 1130 1955 putares?
1161 1900 1224 1943 Et·
1243 1900 1338 1955 quid
1370 1889 1546 1956 denique
1577 1901 1652 1943 hac
1684 1902 1724 1943 in
1754 1914 1801 1943 re

313 1970 494 2024 apertius
523 1974 591 2011 aut
614 1970 954 2013 inconsideratius
978 1972 1062 2027 egit
1080 1972 1266 2014 Tiberius
1291 1984 1411 2026 quam
1433 1984 1570 2027 supra,
1602 1972 1684 2025 ubi,
1707 1984 1801 2014 me-

313 2039 437 2082 ditato
471 2044 792 2095 temperamento
825 2042 951 2083 verba
981 2042 1151 2095 faciens,
1183 2047 1316 2084 tamen
1337 2044 1439 2096 Jure
1467 2030 1513 2084 se
1541 2043 1679 2085 nimiis
1707 2047 1801 2085 stu-

315 2111 400 2151 diis
426 2116 722 2152 accusatorum
753 2124 998 2154 succensere
1028 2112 1156 2155 libere
1188 2113 1429 2168 prolocutus
1461 2118 1538 2167 est,
1584 2118 1625 2156 et
1654 2125 1799 2158 ruino-

312 2193 381 2222 res
426 2181 661 2237 significans
704 2182 756 2224 de
798 2183 889 2237 ipso
936 2184 1149 2236 sinistros,
1192 2189 1329 2239 patres
1376 2184 1599 2227 admonuit:
1657 2198 1800 2238 „nemo

314 2249 448 2293 Drusi
479 2252 698 2303 lacrimas,
739 2265 858 2295 nemo
889 2255 1139 2298 maestitiam
1179 2268 1313 2298 meam
1354 2259 1512 2309 spectet
1544 2268 1621 2297 nec
1650 2256 1688 2297 si
1719 2269 1801 2311 qua

311 2323 355 2362 in
387 2335 466 2364 nos
496 2322 679 2364 adversa
706 2324 998 2379 finqunturss?

428 2392 565 2435 Verba
604 2394 730 2448 igitur
768 2396 884 2449 quod
919 2396 1035 2438 haud
1070 2397 1205 2439 miuus
1243 2421 1297 2428 —-
1337 2397 1522 2440 abnuere
1558 2402 1673 2440 recte
1710 2410 1800 2441 mea

312 2462 475 2516 quidem
506 2462 720 2507 sententia
742 2467 952 2522 excipiunt
983 2480 1046 2521 ea,
1078 2480 1183 2522 quae
1209 2469 1294 2524 jain
1325 2467 1595 2524 praecedunt,
1622 2468 1799 2512 Germa-

310 2532 449 2574 nicum
483 2534 692 2577 interiisse
723 2541 764 2578 et
794 2542 922 2579 totum
959 2538 1094 2580 locum
1135 2531 1209 2581 sic*
1232 2531 1331 2582 satis
1373 2540 1481 2581 bene
1522 2539 1674 2582 habere
1705 2540 1800 2581 exi-

311 2604 583 2647 stimaverim:

453 2675 545 2717 Sed
570 2672 755 2730 judices
788 2689 869 2733 per
893 2677 1077 2721 diversa
1101 2678 1415 2738 implacabiles
1442 2683 1592 2724 erant:
1631 2681 1799 2724 Caesar

452 2746 507 2789 ob
549 2745 719 2791 bellum
770 2749 1027 2805 provinciae
1072 2751 1283 2809 inlatum,
1340 2756 1528 2796 senatus
1567 2744 1797 2810 *nunquam
