1920 3188
882 118 1177 159 ...26-

286 250 429 291 animo.
479 248 694 304 Poppaeus
719 246 908 299 Sabinus,
941 246 1126 289 exercitu
1157 247 1196 289 in
1228 260 1353 291 unum
1383 241 1604 300 conducto,
1637 252 1772 290 castra

285 319 548 362 transtulerat
594 319 754 361 hostem
801 322 969 373 propter
1013 322 1054 359 et
1072 344 1077 359 -.
1096 318 1265 361 castello
1317 318 1499 361 inclusos
1543 318 1770 360 obsidebat.

283 390 334 431 Et
366 391 451 445 jam
489 388 650 432 barbari
692 389 732 429 in
775 392 998 429 extremam
1035 389 1323 430 necessitatem
1355 388 1538 439 adduam
1580 387 1773 443 adjacere

285 470 462 515 corpora
493 458 714 511 hominum,
746 470 851 512 quos
884 457 1066 511 vulnera,
1097 471 1203 513 quos
1235 459 1325 501 sitis
1356 461 1603 514 peremerat:

425 553 662 609 rebusque
685 552 879 594 turbatis
907 552 1133 595 discordia
1160 554 1372 607 accessit,
1405 553 1477 606 his
1503 551 1770 595 deditionem

427 623 529 667 aliis
563 627 753 666 mortem
789 627 834 666 et
866 627 1045 666 mutuos
1087 626 1203 665 inter
1245 636 1296 666 se
1339 625 1453 665 ictus
1491 621 1777 680 parantibus,

430 700 476 737 et
508 699 636 737 erant
668 696 742 751 qui
787 708 871 735 non
914 695 1099 736 inultum
1146 695 1327 738 exitium
1371 694 1453 735 sed
1486 695 1773 750 eruptionem

428 764 698 819 suaderent,
744 776 891 822 neque
931 762 1185 821 iquobsses,
1228 766 1430 821 quamvis
1463 763 1635 806 ‘diversi
1673 776 1772 805 sen-

427 838 596 877 tentiis.
646 836 814 876 Verum
848 848 872 877 e
907 836 1098 877 ducibus
1130 836 1274 888 Dinis,
1308 839 1554 889 provectus
1587 837 1773 875 senecta

426 932 482 938 —
514 906 720 963 ponenda
752 918 877 947 arma
919 905 1176 947 disserebat
1218 906 1481 961 primusque
1514 916 1566 945 se
1603 928 1653 936 —
1686 905 1772 946 vic-

428 979 516 1019 tori
549 977 764 1034 permisit.

402 1070 669 1125 Nuperrime,
710 1074 752 1112 et
782 1070 933 1125 optime
968 1069 1036 1112 ille
1078 1068 1263 1125 quidem,
1301 1068 1352 1111 de
1391 1069 1470 1112 hoc
1500 1070 1594 1113 loco
1627 1068 1772 1125 dispu-

283 1140 382 1183 tavit
414 1141 566 1183 Aebius
583 1142 640 1192 ⁴¹⁹).
706 1141 859 1183 Tamen
889 1145 1064 1193 vereor,
1096 1152 1149 1182 ne
1181 1141 1419 1196 conjectura
1449 1152 1542 1183 sua:
1582 1152 1714 1195 noque
1742 1141 1777 1181 ii

283 1210 469 1264 mobiles,
508 1211 684 1266 paullum
723 1224 745 1253 a
776 1222 878 1253 vero
917 1210 1196 1254 declinaverit.
1256 1210 1470 1253 Molestum
1502 1219 1773 1253 essevocem

284 1281 489 1336 iynobiles
521 1287 561 1323 et
594 1282 661 1323 vix
693 1281 918 1335 ferendam,
950 1282 1151 1324 neminem
1182 1286 1280 1337 puto
1303 1282 1449 1324 infitias
1473 1282 1633 1324 iturum.
1666 1281 1773 1323 'Rit-

284 1356 397 1394 terus
425 1351 600 1407 judicat:
631 1352 712 1394 hoc
743 1365 771 1394 a
804 1352 948 1395 Tacito
981 1366 1070 1395 esse
1098 1353 1252 1408 nequit,
1285 1357 1325 1395 et
1343 1352 1618 1407 Nipperdeius
1649 1352 1772 1408 glos-

284 1435 371 1464 sam
405 1435 458 1463 ex
488 1424 673 1478 margine
708 1423 748 1464 in
781 1427 935 1464 textum
966 1423 1195 1465 translatam
1228 1423 1460 1478 suspicatus
1490 1422 1618 1464 verba
1648 1435 1773 1477 tyno-

283 1492 387 1535 biles
420 1517 469 1524 —-
503 1494 717 1535 sententiis
748 1494 864 1535 uncis
897 1492 1077 1536 seclusit.
1150 1493 1204 1535 At
1242 1493 1322 1536 hoc
1360 1492 1522 1548 quidem
1561 1497 1625 1535 est
1654 1493 1773 1535 nimis

283 1563 480 1606 audacter
511 1576 651 1620 agere,
684 1577 815 1619 eaque
847 1564 1015 1607 audacia
1047 1565 1097 1606 ab
1130 1564 1286 1607 Halmio
1305 1563 1372 1616 ff)
1405 1568 1446 1607 et
1475 1564 1660 1606 Wurmio
1676 1562 1772 1616 ww)

278 1636 374 1691 Jure
405 1634 659 1690 reprehensa
692 1640 813 1690 atque
845 1635 1034 1692 ablegata
1066 1640 1139 1678 est.
1184 1634 1266 1679 Sed
1297 1648 1349 1678 ne
1369 1635 1645 1679 Doederlinus
1676 1636 1773 1691 qui-

284 1706 390 1759 dem,
423 1707 491 1761 qui
523 1718 628 1748 unus
661 1706 861 1748 editorum
894 1707 1001 1748 hunc
1032 1706 1167 1748 locum
1202 1706 1508 1761 interpretando
1540 1711 1773 1749 sustentare

283 1776 454 1827 studuit,
499 1788 661 1818 omnem
700 1776 991 1818 dubitationem
1032 1777 1205 1829 exemit,
1247 1790 1383 1832 neque
1421 1777 1682 1819 succensebit
1713 1777 1775 1819 vir

284 1847 563 1899 clarissimus,
594 1846 691 1888 mihi
723 1859 878 1889 summa
901 1847 1051 1901 pietate
1083 1847 1305 1900 colendus,
1336 1859 1447 1889 novo
1480 1847 1700 1900 conamini,
1731 1852 1775 1889 ut

283 1918 351 1971 qui
396 1929 470 1959 sua
508 1917 598 1971 ipse
639 1917 973 1971 interpretatione
1016 1916 1122 1959 haud
1162 1917 1325 1959 fortiter
1362 1917 1544 1959 conlisus
1577 1928 1673 1959 esse
1704 1918 1772 1960 vi-

284 1987 439 2030 deatur.
502 1987 701 2030 Particula
735 1988 841 2029 enim
874 1988 1118 2030 concessiva
1152 1988 1342 2043 quamvis
1378 2000 1459 2030 non
1492 1988 1591 2030 satis
1623 1987 1772 2031 diluci-

284 2058 376 2100 dum
409 2058 530 2100 habet
562 2059 794 2113 oppositum
829 2059 893 2100 cui
927 2059 1149 2111 concedat,
1194 2064 1417 2114 praeeunte
1448 2060 1617 2102 notione
1646 2060 1772 2114 iquo-

283 2129 396 2170 biles.
459 2128 522 2169 An
555 2129 616 2170 his
649 2129 811 2183 quidem
844 2129 964 2171 liceat
988 2129 1163 2172 diversis
1185 2142 1281 2171 esse
1305 2130 1532 2182 sententiis,
1564 2142 1646 2172 non
1676 2130 1771 2172 item

283 2198 522 2240 nobilibus?
581 2198 737 2253 Nempe
777 2200 1006 2241 arctissime
1048 2200 1149 2242 haec
1187 2200 1313 2245 verba
1355 2212 1446 2242 cum
1484 2205 1524 2241 et
1552 2204 1675 2241 erant
1704 2201 1773 2254 qui

282 2267 574 2325 conjungenda
617 2274 733 2325 sunt3
782 2269 984 2325 alioquin,
1029 2270 1065 2312 si
1109 2269 1160 2313 ad
1204 2269 1522 2313 discordantium
1560 2274 1772 2325 utramque

282 2345 436 2394 partem
468 2344 727 2394 spectarent,
772 2341 859 2395 ipsa
902 2353 985 2383 non
1024 2340 1413 2403 carere7debebant
1441 2341 1609 2396 proprio
1635 2341 1770 2387 verbo

286 2414 455 2457 (erant)
490 2414 530 2450 et
560 2411 718 2466 majore
750 2411 1076 2467 interpunctione
1106 2416 1202 2467 post
1224 2411 1451 2454 suaderent
1480 2423 1585 2467 opus
1615 2416 1741 2454 esset.

376 2607 416 2653 *J
441 2606 567 2642 Rhein.
594 2606 679 2644 Mus.
707 2608 747 2642 Ν.
775 2608 814 2643 F.
834 2608 876 2645 x,
905 2620 939 2654 p.
959 2584 1046 2643 310.

352 2666 416 2709 **)
441 2666 552 2708 Jahn,
579 2665 723 2700 Jahrbb.
749 2667 772 2700 f.
799 2667 887 2701 Phil.
912 2678 946 2700 u.
974 2666 1058 2703 Pad.
1083 2666 1172 2710 xlx,
1200 2668 1256 2701 55.

328 2724 417 2772 ***)
444 2724 599 2760 Gelehrt.
625 2722 712 2759 ΑΜ.
751 2723 932 2760 Miinchen.
960 2724 1061 2760 1855.
1088 2725 1147 2761 Nr.
1166 2726 1199 2761 3.
