1920 3188
879 75 1169 120 ...56-

279 209 399 251 tiam
428 206 728 251 miserantium.
788 206 895 262 XVI,
916 206 986 250 23.
1016 207 1312 263 increpatium
1343 219 1464 264 quam
1493 221 1605 252 nunc
1632 210 1763 252 silen-

280 280 401 321 tium
431 291 491 335 pr.
520 279 820 333 increpantem
849 292 887 333 q.
916 291 961 320 n.
980 278 1201 321 silentium.
1233 280 1287 322 ci.
1312 280 1431 322 etiam
1463 285 1503 321 et
1530 280 1632 333 ipsa
1654 293 1765 334 pars

278 361 354 405 pro
386 354 427 392 et
448 351 547 404 ipse
570 362 682 404 pars
703 348 793 401 XV,
814 346 883 390 72.
916 348 980 391 all.
1006 348 1045 392 ll.
1086 349 1301 393 Probabile
1327 349 1394 393 vel
1424 348 1518 392 inde
1549 354 1625 402 est,
1643 350 1766 405 quod

279 420 528 477 Spengelius
567 420 618 463 ad
648 419 749 463 Dial.
785 418 839 460 19
880 419 1136 474 suspicatur,
1175 421 1357 464 Tacitum
1387 420 1607 476 scripsisse
1636 421 1767 462 malta

280 491 532 534 divisionum
571 490 811 541 ostentatio,
853 501 938 532 non
976 490 1210 534 multarum.
1289 491 1421 548 Saepe
1467 491 1573 535 enim
1614 490 1765 534 librarii

279 562 556 617 proximarum
588 561 914 604 terminationum
945 573 1138 616 aucupes.
1319 571 1322 574 ·

799 689 936 741 Anu.
974 688 1122 755 XIV,
1163 692 1245 741 59.

397 786 556 829 Rursus
581 785 648 828 bic
672 783 887 828 ostendam
909 783 1086 827 studium
1109 782 1297 827 vitandae
1321 782 1617 841 dittographiae
1648 796 1766 839 quam

279 858 359 899 late
397 862 549 914 regnet
585 857 627 899 in
659 861 802 899 nostro
834 854 999 908 codice,
1042 860 1083 897 et
1113 867 1232 909 quam
1274 854 1509 907 commode,
1549 854 1628 897 hoc
1660 866 1767 896 con-

280 939 428 980 cess0,
471 927 582 971 haud
620 938 776 983 paucos
816 924 1034 968 emendare
1072 924 1192 968 liceat
1221 924 1342 968 locos
1372 929 1601 980 corruptos.
1663 925 1767 967 Tres

279 998 449 1042 afferam
477 997 629 1054 insigni
659 996 902 1052 specimine:

422 1096 527 1136 Ann
572 1090 685 1144 XIV,
729 1091 799 1132 59.
873 1088 1034 1147 Caput
1059 1086 1287 1136 interfecti
1328 1087 1498 1141 (Plauti)
1542 1089 1764 1145 relatum3

421 1159 557 1218 cujus
600 1165 790 1218 aspectu
822 1186 877 1192 -
909 1162 1009 1216 ipsa
1050 1161 1263 1217 principis
1306 1153 1446 1202 verba
1484 1158 1680 1202 referam
1712 1184 1766 1191 —

425 1244 558 1287 ᾖστιν,
592 1232 758 1289 inquit,
798 1227 968 1283 Nero,“
1017 1234 1064 1271 et
1102 1230 1250 1286 posito
1290 1232 1414 1272 metu
1447 1232 1627 1287 nuptias
1658 1230 1768 1288 Popss

421 1316 583 1362 paeae,
616 1304 671 1345 ob
695 1300 915 1358 ejusmodi
938 1303 1139 1343 terrores
1167 1301 1351 1354 dilatas,
1378 1303 1607 1343 maturare
1628 1305 1767 1357 parat.

402 1397 480 1440 Dio
513 1395 683 1439 Cassius
712 1394 830 1446 LXII,
866 1392 921 1440 14
962 1393 1157 1450 principis
1197 1394 1323 1437 verba
1361 1393 1422 1437 sic
1459 1393 1646 1438 exhibet:
1689 1394 1770 1439 οὐκ

280 1464 415 1526 ᾔδειν,
444 1469 547 1526 ἔφη,
581 1463 651 1510 ὅτι
680 1464 880 1523 μεγάλην
900 1464 1008 1522 ῥῖνα
1029 1463 1164 1519 εἶχεν.
1216 1464 1328 1508 Talia
1359 1465 1495 1513 solent
1526 1465 1583 1520 ad
1599 1467 1770 1511 verbum

280 1539 384 1583 tradi
414 1539 481 1582 vel
512 1538 655 1582 saltem
688 1549 741 1579 eo
774 1535 977 1580 vocabulo
997 1540 1179 1590 servato,
1210 1536 1253 1578 in
1284 1548 1371 1591 quov
1398 1536 1508 1580 sales
1538 1541 1633 1582 sunt
1661 1549 1769 1580 con-

281 1612 434 1666 spicui3
474 1621 611 1664 neque
643 1613 727 1661 est,
759 1619 833 1649 cur
864 1606 1109 1649 debilitatam
1139 1606 1249 1649 salse
1280 1605 1375 1650 dicti
1404 1619 1599 1652 summam
1629 1620 1653 1651 a
1684 1608 1769 1650 Ta-

282 1682 364 1724 cito
406 1684 475 1723 aut
512 1679 645 1722 Dione
687 1676 926 1732 suspiceris.
1000 1676 1102 1719 Nam
1142 1677 1210 1719 ille
1247 1676 1401 1722 diserte
1431 1678 1645 1734 promittit,
1676 1678 1770 1734 ,ipsa

282 1752 409 1795 verba
440 1762 488 1794 se
518 1749 754 1801 relaturum,
785 1753 827 1790 et
856 1747 1031 1791 Dionem
1070 1752 1232 1796 constat
1262 1748 1390 1792 Taciti
1428 1747 1646 1805 diligenter
1676 1762 1770 1790 me-

282 1833 440 1865 morem
473 1831 582 1862 esse.
642 1817 849 1861 Facillime
880 1821 1015 1860 autem
1047 1817 1152 1859 inter
1190 1829 1238 1860 se
1269 1818 1310 1860 in
1342 1830 1393 1861 eo
1415 1818 1630 1863 *vocabulo
1661 1830 1769 1862 con-

283 1892 540 1942 ciliabuntur,
572 1888 638 1932 cui
669 1889 889 1932 maximum
919 1886 1081 1944 pondus
1111 1887 1310 1942 inhaeret,
1340 1889 1376 1932 si
1406 1888 1538 1947 fingas
1562 1889 1646 1944 tibi,
1675 1889 1769 1947 syl—

282 1963 373 2006 laba
403 1960 679 2018 praecedente
702 1973 796 2003 ram
820 1959 1000 2015 priorem
1018 1964 1174 2015 partem
1198 1960 1428 2015 absorptam
1455 1960 1545 2017 eJus
1567 1961 1768 2014 vocabuli,

283 2035 402 2090 cujus
432 2032 561 2076 altera
592 2042 688 2087 pars
719 2030 759 2073 in
791 2043 867 2073 cur
898 2034 1035 2072 restat.
1097 2030 1155 2073 Ita
1184 2029 1274 2073 fere
1305 2031 1500 2086 scriptum
1530 2030 1623 2075 fuit:

423 2122 836 2183 referamqamcur,
869 2137 911 2180 q.
943 2138 982 2166 e.
1014 2121 1218 2181 referam
1247 2128 1452 2179 quantus.

399 2218 587 2275 Expulsa
617 2217 773 2274 syllaba
805 2230 913 2272 qam,
944 2217 1135 2274 quoniam
1160 2218 1202 2260 in
1233 2217 1556 2275 interrogatione
1587 2230 1668 2261 non
1699 2219 1769 2262 in-

283 2290 544 2347 telligebatur
584 2301 670 2332 vox
706 2301 835 2340 naso,
879 2302 929 2333 ea
968 2292 1116 2333 mutata
1156 2292 1219 2332 est
1255 2288 1295 2331 in
1335 2288 1458 2333 Nero.
1529 2288 1768 2348 Legendum

282 2362 429 2418 igitur:

425 2440 560 2499 cujus
601 2447 795 2500 aspectu
826 2469 885 2475 —-
915 2445 1016 2500 ipsa
1050 2444 1265 2499 principis
1302 2443 1445 2486 verba
1483 2442 1678 2488 referam
1710 2469 1768 2477 --

429 2514 701 2569 „quantus,“
735 2516 905 2570 inquit,
940 2513 1134 2566 „nasoss‘
1168 2515 1215 2555 et
1243 2515 1394 2570 posito
1426 2517 1550 2556 metu
1583 2517 1670 2556 etc.

403 2604 531 2649 Simili
560 2606 719 2649 ratione
751 2618 853 2649 usus
884 2606 1085 2661 Halmius,
1116 2607 1179 2650 vir
1210 2611 1251 2650 et
1276 2606 1537 2651 doctissimus
1569 2612 1610 2650 et
1640 2619 1768 2665 saga-

285 2677 499 2731 cissimus,
543 2681 637 2721 ante
668 2677 744 2719 hos
775 2689 853 2719 sex
883 2690 1013 2721 annos
1045 2679 1221 2736 egregie
1264 2677 1401 2721 locum
1431 2677 1578 2721 refecit
1605 2679 1647 2721 in
1676 2678 1767 2721 Ne-
