1920 3188
875 125 1162 169 ...50-

278 255 486 310 proprium
517 254 779 310 splendorem
812 254 1016 298 redderet.
1066 255 1186 305 Quod
1217 256 1422 309 inventum
1443 255 1527 311 jam
1550 267 1641 297 cum
1663 255 1763 297 viris

277 326 408 368 doctis
441 325 766 379 communicabo,
799 337 880 368 non
911 324 1114 380 dubitans,
1145 326 1241 381 quin
1273 331 1314 369 et
1338 326 1414 381 ipsi
1441 337 1599 368 mecum
1629 325 1762 368 laeta-

277 397 356 438 turi
389 396 469 439 sint
498 401 542 438 ut
572 396 613 437 in
645 408 769 439 causa
800 395 976 439 Tacitea.

394 466 524 524 Igitur
551 465 670 523 lege:

417 560 514 601 Itur
545 561 679 601 etiam
711 561 753 601 in
777 560 992 617 principis
1018 559 1206 616 laudes;
1238 558 1408 614 strepit
1437 559 1529 616 iter
1559 557 1604 600 vi
1635 569 1761 600 vene-

416 628 644 682 rantium5
666 627 853 686 jamque
886 633 932 672 et
949 631 1169 674 Palatium
1202 630 1487 673 multitudine
1521 633 1568 671 et
1599 628 1762 671 clamo-

419 700 547 743 ribus
579 699 857 756 implebant,
890 712 990 743 cum
1022 702 1181 744 emissi
1214 705 1300 744 etc.

394 788 486 834 Non
517 793 687 835 verbum
719 793 847 846 addo;
873 793 976 835 haec
999 798 1094 836 sunt
1118 794 1244 847 salva,
1277 795 1311 836 si
1333 794 1551 849 quidquam
1573 794 1612 836 in
1633 793 1762 836 nostri

276 863 407 917 libris,
441 876 576 919 neque
608 876 700 907 meo
731 863 772 906 id
803 864 974 917 merito,
1005 863 1080 906 sed
1112 864 1290 906 Tacitina
1322 865 1631 907 immortalitate.

812 1015 949 1067 Ann,
978 1013 1098 1080 XV,
1138 1016 1220 1066 51.

394 1120 631 1178 conjuratio
664 1121 769 1165 facta
801 1126 866 1164 est
897 1121 937 1163 in
957 1120 1177 1165 Neronem.
1221 1120 1433 1178 Epicharis
1465 1120 1663 1178 quaedam
1694 1122 1761 1165 in-

274 1196 430 1235 certum
463 1205 639 1247 quonam
679 1192 802 1235 modo
839 1192 1049 1253 sciscitata
1089 1191 1317 1235 accendere
1358 1196 1399 1234 et
1435 1204 1615 1248 arguere
1653 1204 1760 1234 con-

270 1263 451 1317 J'uratos:
497 1275 545 1304 ac
569 1266 780 1317 postremo
812 1261 1061 1305 lentitudinis
1095 1273 1237 1304 eorum
1268 1266 1460 1317 pertaesa
1492 1266 1534 1304 et
1563 1262 1604 1303 in
1636 1261 1759 1304 Gam-

272 1332 392 1388 pania
435 1337 565 1389 agens
604 1358 663 1365 ——
701 1345 793 1375 cum
835 1332 1006 1375 Volusio
1040 1331 1238 1385 Proculo,
1280 1331 1500 1375 chiliarcho
1542 1332 1584 1374 in
1624 1332 1760 1375 classe

273 1402 498 1446 Misenensi
530 1403 700 1445 consilia
723 1403 892 1446 miscet:

413 1496 534 1555 Ergo
573 1497 807 1555 Epicharis
852 1498 1005 1555 plura,
1052 1501 1098 1540 et
1136 1499 1282 1540 omnia
1329 1498 1509 1541 scelera
1547 1500 1759 1554 principis

413 1568 608 1610 orditur:
639 1579 782 1625 neque
805 1567 991 1611 senatui
1014 1565 1134 1625 quod
1158 1579 1367 1610 ntanere:
1399 1568 1482 1611 sed
1512 1570 1758 1626 provisum,

414 1651 610 1695 quonam
650 1639 781 1681 modo
821 1628 994 1695 poenas
1033 1651 1223 1681 eversae
1266 1640 1334 1679 rei
1378 1637 1578 1693 publicae
1617 1639 1758 1681 daret.

416 1710 735 1767 accingeretur
766 1708 897 1752 modo
930 1720 1096 1751 navare
1129 1720 1315 1767 operam
1347 1712 1430 1753 etc.

390 1802 458 1845 Sic
487 1802 539 1845 Μ.
589 1802 768 1845 Orellius
800 1803 900 1845 satis
930 1803 1054 1845 habet
1089 1802 1224 1845 locum
1262 1807 1413 1845 notare
1437 1807 1481 1845 ut
1509 1806 1756 1858 corruptum.

270 1872 321 1915 Et
347 1872 583 1916 Waltherus
613 1872 837 1929 plerosque
863 1872 918 1916 ait
941 1885 1099 1926 eorum,
1131 1884 1304 1928 quorum
1335 1872 1464 1919 attulit
1484 1875 1758 1930 conjecturas,

269 1944 479 1986 incassum
510 1945 839 1999 conjectavisse3
883 1942 996 1998 quod
1035 1942 1142 1985 idem
1180 1943 1271 1985 fere
1295 1943 1491 1999 judicium
1522 1943 1574 1986 de
1604 1957 1758 1987 recen-

269 2014 417 2055 tiorum
457 2013 810 2056 emendationibus
848 2012 1062 2056 serendum
1094 2012 1266 2056 videtur.
1327 2013 1429 2056 Nam
1469 2019 1538 2056 aut
1574 2014 1756 2059 tautolo-

269 2084 365 2139 giae
396 2088 466 2126 aut
495 2084 709 2140 languoris
741 2088 810 2126 aut
841 2082 1017 2139 denique
1049 2083 1309 2126 obscuritatis
1335 2084 1488 2128 crimen
1519 2084 1627 2128 nulla
1657 2085 1756 2128 satis

271 2153 428 2210 effugit.
497 2153 596 2197 Inde
635 2154 755 2197 nobis
797 2154 974 2208 animus,
1018 2154 1093 2197 alia
1133 2154 1308 2211 aggredi
1349 2156 1439 2209 via,
1482 2168 1600 2211 quam
1643 2156 1757 2199 hisce

269 2225 511 2280 praemissis
544 2225 879 2267 communiemus.

386 2295 615 2351 Epicharis,
645 2295 856 2338 hortatui-a
881 2294 1156 2349 chiliarchum,
1189 2300 1232 2338 ut
1262 2300 1435 2351 coeptae
1467 2301 1510 2339 et
1532 2309 1630 2340 mox
1651 2310 1755 2340 auc-

269 2371 335 2408 tae
370 2366 666 2423 eonjurationis
705 2366 846 2410 socius
887 2366 978 2420 fiat,
1010 2378 1092 2410 non
1132 2370 1270 2422 potest
1305 2366 1384 2410 nisi
1421 2366 1515 2410 talia
1552 2367 1756 2427 proferre,

270 2450 376 2492 quae
406 2438 582 2481 hominis
614 2438 791 2481 animum
822 2437 1043 2491 stimulent,
1074 2436 1303 2491 incendant,
1335 2437 1587 2481 confirment.
1631 2438 1758 2495 Igitur

268 2519 352 2551 non
385 2520 442 2550 ex
472 2520 519 2551 re
550 2513 683 2562 esset,
721 2510 756 2552 si
796 2507 849 2551 de
887 2508 1051 2566 ignavia
1081 2512 1248 2552 senatus
1278 2508 1530 2564 loqueretur.
1591 2508 1672 2554 Sed
1704 2509 1754 2552 de

269 2584 416 2623 senatu
449 2592 540 2622 eam
570 2580 610 2622 in
641 2580 704 2622 his
736 2580 984 2623 mentionem
1015 2579 1190 2633 fecisse,
1233 2592 1287 2622 ex
1318 2580 1586 2634 sequentibus
1616 2580 1753 2635 liquet.

269 2649 443 2692 Scelera
473 2650 666 2705 principis
706 2663 781 2706 per
821 2662 868 2693 se
908 2661 991 2692 non
1022 2649 1199 2693 indicant
1227 2663 1415 2693 eversam
1444 2650 1755 2705 rempublicam,

268 2722 385 2775 cujus
416 2732 577 2775 poenas
608 2721 648 2763 ei
678 2720 773 2764 dicit
797 2722 882 2776 jam
911 2721 1102 2776 provisas
1129 2731 1237 2763 esse.
1278 2719 1452 2777 Flagitat
1481 2732 1614 2764 nexus
1645 2731 1752 2763 sen-
