1920 3188
897 152 1190 195 ...64—

297 294 590 340 prosperarum
634 281 1024 349 immoderatio-nem.
1064 306 1120 315 —
1160 282 1268 326 Infra
1308 291 1383 337 pro
1422 279 1542 323 tunc
1580 280 1788 324 montibus

299 355 447 397 arduis
476 354 611 397 malim
650 358 786 396 tuetur
826 357 960 402 (tuet)
992 354 1200 397 montibus
1219 353 1384 397 *arduis
1421 364 1478 394 sc.
1519 363 1621 395 suos
1663 356 1703 394 et
1734 376 1787 385 -

293 425 540 478 praestruit.

414 494 521 538 Ann.
556 494 677 548 XIII,
710 494 761 536 14
791 494 887 536 inde
918 494 1015 537 vilis
1045 509 1194 539 rursus
1223 495 1386 538 Burrus
1416 499 1457 536 et
1487 493 1586 535 exul
1614 491 1785 535 Seneca.

298 566 353 608 At
395 566 447 608 M.
490 566 695 608 indebitis.
770 564 880 621 Lips.
925 565 1023 608 inde
1068 566 1239 622 debitis,·
1287 577 1513 622 perperam.
1588 564 1791 607 Provocat

297 636 525 693 Agrippina
557 636 607 679 ad
639 635 841 690 oriyinem
879 641 920 678 et
950 649 1064 679 suam
1096 643 1138 681 et
1169 638 1351 691 illorum3
1392 640 1643 692 quapropter
1671 634 1787 691 lege:

298 708 415 749 inde
440 708 613 761 pelice
644 711 789 749 ortus
818 705 994 750 Burrus.

417 777 521 819 Ann.
558 776 678 829 XIII,
712 777 760 818 17
796 777 967 830 facinus
998 778 1066 819 cui
1083 777 1276 833 plerique
1307 775 1690 820 etiam'hominum
1719 774 1788 829 iy-

199 872 208 883 ·
297 847 542 890 noscebant.
598 847 693 890 Non
726 847 843 902 capio
876 847 1011 890 etiam.
1057 846 1275 903 Suspicor:
1308 846 1786 896 inertiumfietium).

414 917 523 961 Ann.
556 918 679 971 XIII,
710 918 767 960 42
809 919 951 960 omnia
974 919 1120 972 potius
1151 918 1426 960 toleraturum
1458 930 1582 973 quam
1612 921 1788 959 veterem

299 1003 360 1032 ac
392 989 421 1032 d
428 990 525 1032 omi
561 994 738 1045 partam
778 976 1060 1044 dignationem
1097 988 1260 1032 subitae
1293 988 1489 1043 felicitati
1523 988 1787 1031 submitteret.

298 1060 355 1102 lta
394 1061 580 1115 plerique
624 1073 677 1101 ex
715 1059 802 1101 Jac.
846 1058 1045 1102 Gronovii
1086 1060 1335 1115 conjectura.
1418 1058 1576 1102 Codex:
1617 1071 1671 1101 ac
1702 1058 1790 1113 db,-

299 1130 410 1185 quod
451 1135 550 1186 puto
595 1131 790 1185 scriptum
835 1130 966 1173 fuisse
1006 1131 1048 1171 in
1079 1131 1302 1186 archetypo
1345 1130 1479 1185 aliquo
1522 1128 1592 1171 AC
1622 1118 1712 1177 ηδ
1749 1133 1790 1172 et

299 1202 442 1244 solvo:
488 1214 549 1243 ac
583 1199 838 1243 Romano.
909 1201 1067 1255 Quippe
1105 1201 1247 1243 subita
1280 1201 1569 1254 felicitasest
1604 1200 1788 1243 Senecae

299 1271 456 1323 exalia,
500 1270 690 1314 Corduba
730 1270 891 1314 oriundi
900 1286 912 1324 3
958 1276 998 1314 et
1034 1270 1233 1327 gloriatur
1269 1270 1393 1313 homo
1430 1271 1471 1313 in
1511 1271 1664 1314 artibus
1694 1271 1788 1313 Ro-

298 1343 443 1385 manis.

414 1411 522 1454 Ann.
555 1411 677 1464 XIII,
709 1413 775 1453 55.
828 1410 1095 1455 Scribendum
1128 1411 1225 1453 erit:
1257 1416 1478 1454 servarent
1505 1424 1608 1454 sane
1636 1424 1788 1466 recep-

299 1488 366 1525 tus
395 1482 592 1538 qreqibus
620 1483 728 1525 inter
757 1482 966 1524 hominum
997 1495 1086 1525 arc
1097 1495 1136 1525 a.
1182 1481 1285 1525 Nam
1310 1482 1468 1525 etiamsi
1490 1481 1631 1526 Tacito
1656 1482 1787 1536 liceat,

299 1553 498 1609 Bojocalo
531 1565 613 1595 non
644 1553 751 1606 licet,
783 1558 863 1597 tam
893 1553 1110 1609 ingeniosa
1139 1552 1354 1607 brevitate,
1386 1566 1465 1608 qua
1494 1558 1589 1608 post
1604 1553 1786 1596 Freinsh.

300 1624 386 1667 vult
415 1622 713 1678 Doederlinus,
746 1623 907 1667 dicere:
946 1624 1055 1667 inter
1084 1624 1292 1668 bominum
1319 1624 1349 1678 f
1353 1624 1542 1667 amem!
1581 1624 1680 1667 Cod.
1710 1625 1787 1679 fa-

299 1708 421 1737 mam.
485 1695 578 1737 Fuit
617 1694 797 1737 fortasse
837 1695 1112 1749 corruptionis
1154 1694 1263 1737 scala
1302 1694 1423 1737 haec:
1466 1707 1596 1749 arva,
1636 1695 1787 1744 hama,

299 1770 510 1820 postremo
539 1765 678 1820 fama,
720 1769 828 1808 tanto
854 1765 1044 1808 libentius
1074 1764 1207 1808 littera
1238 1765 1264 1807 b
1295 1778 1370 1820 pro
1399 1766 1429 1819 f
1451 1770 1640 1821 accepta,
1684 1766 1718 1808 si
1748 1780 1787 1806 m

300 1849 354 1878 ex
386 1836 575 1890 sequenti
606 1836 700 1877 huic
731 1847 821 1878 voc.
866 1836 1091 1884 (barnam)
1135 1840 1379 1891 arrepserat.
1423 1836 1474 1878 cf.
1506 1836 1554 1889 11,
1585 1835 1644 1878 64
1678 1848 1788 1879 arca

299 1918 446 1962 oppos.
478 1906 689 1949 incultum.

416 1976 523 2020 Ann.
542 1976 659 2028 XIV
679 1977 705 2017 5
738 1977 872 2019 cisum
904 1977 1052 2019 dehinc
1081 1977 1371 2033 remiqibus
1400 1990 1545 2020 unum
1574 1978 1625 2020 in
1656 1977 1788 2021 latus

298 2048 517 2091 inclinare.
578 2046 687 2091 Male
717 2061 784 2091 me
818 2046 941 2090 habet
978 2048 1232 2103 remiqibus;
1271 2048 1334 2091 his
1375 2049 1481 2091 enim
1519 2049 1609 2103 quis
1648 2049 1788 2092 credat

297 2131 386 2160 rem
429 2119 529 2161 tanti
571 2118 765 2160 momenti
808 2118 1066 2161 commissam
1110 2118 1244 2161 esse?
1305 2117 1525 2175 Suspicor,
1569 2118 1785 2175 aliquando

300 2188 431 2232 fuisse
463 2189 676 2244 seriptum·
710 2177 938 2231 νεηιὶοἷὺω
965 2189 1053 2232 una
1082 2190 1126 2230 in
1157 2189 1265 2242 litus,
1298 2194 1339 2232 et
1351 2190 1463 2232 *lnnc
1491 2189 1786 2232 restituendum

301 2271 419 2301 esse:
450 2260 576 2300 remis
606 2258 796 2300 omnibus
824 2269 912 2301 una
940 2260 985 2301 in
1016 2259 1113 2301 litus
1141 2259 1362 2305 inclinare.

416 2328 524 2372 Ann.
558 2328 673 2382 XIV,
708 2332 731 2371 7
773 2330 855 2372 nisi
894 2330 997 2385 quid
1026 2329 1190 2373 Burrus
1219 2336 1259 2373 et
1288 2330 1450 2374 Seneca
1480 2344 1577 2387 eoep
1589 2345 1641 2375 er
1651 2346 1784 2387 qens.

299 2400 543 2456 Corruptum
581 2401 675 2443 hoc.
716 2401 912 2457 Corrige:
954 2414 1008 2443 ece
1047 2414 1095 2443 re
1135 2407 1357 2445 censerent.
1419 2401 1640 2446 Consilium
1671 2403 1783 2447 Nero

298 2471 591 2525 postulaverat,
622 2471 718 2514 nihil
748 2472 864 2514 ultra.
901 2471 951 2514 cf.
983 2472 1012 2525 l,
1046 2472 1103 2514 24
1134 2484 1189 2515 ea·
1215 2486 1264 2514 re
1294 2474 1590 2516 consulturum.
1636 2473 1783 2518 Facilis

302 2541 532 2585 emendatio
564 2555 617 2585 ex
646 2542 723 2585 hac
744 2542 968 2597 scriptura:
1000 2543 1293 2589 EXBEGENS.
1327 2570 1381 2578 —
1414 2544 1551 2588 Paullo
1583 2543 1688 2588 infra
1715 2545 1785 2588 le-

299 2611 481 2668 gendum
520 2617 639 2667 puto:
686 2614 890 2656 hactenus
920 2616 1221 2670 perrumpit
1258 2621 1314 2658 ut
1348 2615 1575 2669 respiceret
1602 2614 1783 2658 Bumm

299 2695 354 2724 ac
390 2682 689 2725 sciscitaretur.
757 2685 986 2740 Perrumpit
1022 2685 1252 2732 (silentium
1283 2688 1391 2740 sc.),
1435 2697 1517 2729 non
1554 2690 1783 2743 promptum

300 2753 513 2798 consilium
538 2753 707 2798 Caesari
737 2755 814 2810 ipsi
845 2755 1010 2799 daturus
1043 2755 1117 2799 sed
1147 2756 1360 2811 haetenus,
1391 2761 1435 2800 ut
1466 2761 1540 2801 etc.
1587 2757 1783 2800 Perrum-
