1920 3188
881 128 1168 173 -44-

283 259 522 303 Gravior-em
553 259 913 303 etiammateriam
939 259 1124 314 praebet
1144 259 1293 314 nnnjus
1319 259 1765 317 mermewflnguium,

282 342 373 385 quo>
396 330 462 373 illa
494 342 575 373 non
607 330 730 372 modo'
755 341 950 386 regnum
974 329 1112 372 inhiat
1149 328 1438 372 aedssomnem·
1463 328 1627 372 donnum
1658 342 1766 373 conz-

282 400 443 444 vellere
463 405 590 456 parat,
598 435 601 438 .
624 399 964 453 Gaesarimurito
997 403 1039 441 et
1063 398 1296 443 Britannico
1312 400 1766 457 ›privigno«.simul÷÷in·-

283 470 408 514 sidias
447 475 623 513 struens.
697 470 789 512 Non
829 481 960 525 posse
997 481 1044 512 se
1085 471 1140 512 ait
1174 471 1311 513 bonus
1352 471 1474 513 homo
1501 471 1597 513 hoo
1615 474 1766 514 tentum

282 541 506 596 periculum
537 554 585 583 ac
616 540 809 604 flagitium
841 544 1003 602 tacere,
1048 545 1262 608 postquam
1292 553 1344 583 ne
1376 542 1572 584 minorem
1604 541 1766 601 quidem

281 610 389 655 illam
420 605 677 673 formidinem
703 598 950 671 reticuisset,
980 611 1020 655 in
1037 605 1291 685 impudicitia
1308 610 1554 669 Messalinae
1578 614 1763 674 positam.

281 682 337 724 At
366 682 505 726 hercle
537 694 589 724 ne
620 681 779 723 tertiam
811 668 974 736 quidem
1014 678 1180 728 causam
1219 681 1369 727 abesse
1401 687 1453 724 et
1471 694 1600 736 nunc,
1644 696 1765 738 quum

282 753 437 809 conjux
467 752 661 809 principis
693 745 923 815 adulterum
952 750 1097 793 habeat
1126 735 1359 807 Pallantem
1396 776 1445 785 —

398 824 455 865 lta
487 823 522 866 si
553 819 690 873 locum
721 813 933 877 exponaS,
965 833 1048 862 non
1069 803 1202 863 video
1235 821 1331 876 quid
1362 823 1549 880 amplius
1561 807 1766 866 offensio-

281 894 344 936 nis
375 893 532 935 habeat.
595 893 759 944 Acerbe
799 891 948 939 dictum
990 904 1107 939 esse:
1153 892 1196 932 si
1219 887 1333 933 Nero
1371 883 1633 947 imperitaret
1663 893 1766 935 Bri-

282 965 454 1008 tannico
491 962 822 1015 successori,
866 958 1068 1028 simulque
1108 961 1260 1027 insigni
1298 961 1364 1005 illa
1395 956 1615 1034 brevitate,
1658 976 1764 1020 quae

282 1036 424 1079 Tacito
455 1034 668 1090 nequens,
701 1045 783 1076 non
815 1037 879 1077 est
909 1031 1021 1088 quod
1052 1044 1250 1075 moneam.
1312 1026 1375 1079 De
1404 1022 1646 1090 imperitare
1674 1048 1766 1078 cum

281 1106 432 1149 Dativo
459 1117 561 1147 casu
601 1104 651 1147 cf.
685 1103 791 1146 Ann.
824 1103 890 1167 Ill,
917 1102 977 1159 26
1015 1092 1139 1146 nobis
1166 1101 1369 1148 Romulus
1410 1107 1457 1146 ut
1494 1094 1655 1147 libitum
1683 1106 1766 1147 im-

274 1178 551 1232 peritaverat.
616 1173 728 1217 Alios
759 1174 837 1216 loc.
868 1169 950 1217 vid.
983 1186 1045 1228 ap.
1078 1167 1276 1216 Boetticli.
1308 1163 1388 1216 lex.
1422 1172 1547 1217 Tacit.
1578 1187 1612 1217 s
1643 1189 1683 1217 v.

398 1245 540 1289 Omnis
585 1257 704 1288 error
749 1249 791 1287 et
832 1243 1048 1287 difficultas
1096 1244 1390 1299 interpretandi
1438 1245 1533 1289 inde
1579 1246 1765 1298 manavit,

280 1316 392 1372 quod
423 1316 627 1371 putabant,
658 1315 896 1358 Narcissum
929 1314 1138 1370 explicare
1168 1326 1330 1367 causas,
1362 1314 1588 1371 dequibus
1613 1321 1764 1359 eertum

280 1388 359 1431 sibi
391 1386 612 1442 perniciem
645 1389 928 1441 exspectaret,
967 1389 1046 1428 seu
1076 1384 1331 1429 Britannicus
1359 1398 1506 1430 *rerum
1544 1391 1622 1430 seu
1650 1387 1763 1430 Nero

280 1462 505 1513 poteretur.
568 1456 788 1507 Quo-nihil
816 1469 842 1498 a
873 1455 999 1499 totius
1030 1456 1110 1499 loci
1141 1460 1282 1499 natura
1314 1461 1436 1512 aque
1461 1456 1604 1501 indole
1635 1458 1766 1514 magis

280 1529 471 1572 alienum.
1560 1550 1562 1552 v

800 1636 936 1707 Am
971 1654 1123 1721 XIII,
1169 1658 1249 1707 15.

398 1765 511 1807 Nero
544 1763 737 1806 demovet
760 1761 975 1805 Pallantem
1008 1774 1106 1804 cura
1137 1762 1288 1825 rerum,
1319 1762 1462 1818 q'uis'a
1483 1756 1650 1806 Claudio
1673 1754 1763 1806 'iin-

280 1836 438 1892 positus
470 1833 582 1879 velut
602 1834 809 1877 arbitrium
833 1832 958 1890 regni·
976 1833 1136 1889 agebat.
1179 1831 1391 1889 Praeceps
1414 1829 1765 1893 posffia'c²A‘ngp-

279 1907 371 1961 pina
413 1917 538 1948 ruere
580 1904 630 1946 ad
679 1908 881 1946 terrorem
928 1907 970 1944 et
1016 1902 1167 1945 minas:
1216 1926 1272 1934 —-
1327 1899 1503 1947 adultum
1541 1905 1624 1961 jam
1654 1906 1764 1948 esse

280 1973 567 2028 Britannicum,
599 1987 738 2017 veram
772 1973 1016 2055 dignamque
1036 1973 1204 2028 stirpem
1236 1968 1496 2029 suscipiendo
1528 1972 1653 2060 patris
1683 1975 1764 2017 im-

278 2047 418 2102 perio:

421 2141 653 2194 Turbatus
687 2141 759 2182 his
791 2141 930 2196 Nero,
964 2144 1009 2181 et
1041 2141 1297 2202 propinquo
1331 2139 1429 2193 die,
1465 2118 1551 2197 quo
1584 2123 1762 2183 sextum

423 2210 659 2259 decumum
690 2211 857 2253 aetatis
891 2222 1053 2251 anuum
1083 2210 1375 2262 Britannicus
1408 2209 1646 2266 explebat,
1690 2224 1763 2252 vo-

420 2281 571 2323 lutare
602 2292 761 2324 secum
792 2280 925 2322 modo
952 2282 1113 2324 matris
1147 2279 1421 2343 violentiam,
1460 2280 1605 2327 modo
1614 2282 1764 2342 ipsius

422 2350 637 2403 indolem,
669 2347 759 2391 levi
783 2346 963 2405 quidem
996 2340 1308 2408 experimento
1341 2360 1487 2405 nuper
1519 2351 1762 2407 cognitam,

422 2434 513 2477 quo
545 2424 692 2463 tamen
724 2420 925 2465 favorem
956 2420 1049 2462 late
1080 2421 1398 2476 quaesivisset.

394 2513 662 2557 Freinshemii
692 2514 932 2570 conjectura
961 2512 1065 2555 haec
1102 2516 1184 2563 est,
1211 2521 1344 2568 quum
1364 2513 1634 2556 recentiores
1666 2525 1762 2556 om·-

281 2596 357 2626 nes
388 2587 655 2638 receperunt,
698 2590 862 2639 praeter
901 2595 1023 2625 unum
1054 2582 1270 2635 Omnium,
1313 2583 1383 2637 qui
1420 2583 1637 2625 lectionem
1669 2583 1761 2626 cod.

278 2654 346 2698 Μ..
372 2659 418 2707 ut
457 2653 627 2709 quidam
667 2667 759 2697 cum
797 2653 1056 2709 corruptelae
1100 2654 1223 2710 signo
1265 2653 1374 2708 typis
1411 2654 1643 2708 exscripsit.
1712 2653 1764 2695 Et

280 2737 405 2777 sane,
447 2725 482 2767 si
515 2724 748 2780 diligentius
780 2729 821 2766 et
844 2725 964 2767 altius
996 2724 1237 2768 sententiam
1268 2728 1311 2765 et
1338 2722 1419 2765 loci
1448 2724 1656 2767 rationem.
1680 2735 1762 2766 ex—
