1920 3188
695 82 986 125 ...11—

246 214 460 255 simulans
491 223 710 267 prospere
734 222 904 266 quoque
923 221 1116 251 cessura
1145 210 1325 266 reliqua
1353 209 1578 264 crederet,

246 285 286 323 si
318 280 468 337 fulgor
498 284 543 321 et
575 281 795 321 claritudo
828 280 939 320 deae
971 279 1252 323 redderetur.

223 373 284 416 Ad
322 373 486 427 reliqua
523 384 651 414 sensu
688 372 915 414 futurorum
954 377 994 414 et
1032 376 1289 427 speratorum
1330 373 1381 416 cf.
1415 373 1498 416 Cic.
1531 374 1578 423 Q.

107 448 169 490 Fr.
191 445 220 498 l,
254 442 290 485 1.
327 442 390 484 15.
441 441 554 484 Illud
584 442 736 497 coyita,
767 454 845 483 nos
873 454 958 483 non
989 442 1040 483 de
1068 442 1273 497 reliqua
1304 447 1343 483 et
1371 449 1580 496 sperata

106 517 242 573 yloria
261 517 357 569 jam
388 512 601 564 laborare,
631 514 708 554 sed
736 513 786 554 de
810 517 940 566 parta
972 512 1182 555 dimicare.
1243 512 1344 567 Nep.
1376 513 1511 555 Them.
1538 513 1577 554 2.

107 599 189 629 non
234 585 367 626 solum
409 584 691 637 praesenti
740 582 871 635 bello,
921 583 997 624 sed
1041 584 1164 624 etiam
1213 583 1427 637 reliquo
1478 588 1581 624 tem-

102 669 209 712 pore
240 659 313 696 etc.

222 724 411 766 Ceterum
455 723 715 765 confirmatur
751 722 980 764 emendatio
1018 728 1159 765 nostra
1200 736 1274 774 eo,
1319 722 1429 778 quod
1469 723 1583 765 miles

109 795 251 838 dicitur
279 794 368 836 suis
397 793 651 848 potissimum
683 792 890 835 laboribus
921 792 946 834 i.
970 805 1005 834 e.
1038 792 1087 834 ad
1120 805 1211 835 eum
1244 793 1349 834 diem
1373 806 1585 847 praesen-

109 867 215 908 tibus
253 869 294 906 et
323 863 488 919 perlatis
527 863 797 906 defectionem
830 862 977 905 sideris
1009 862 1297 916 adsimulasse,
1340 876 1471 918 eaque
1501 876 1585 905 vox

108 937 235 991 primo
275 935 371 976 loco
409 947 500 976 cum
536 934 577 975 vi
613 947 661 975 ac
699 934 918 989 praesagio
959 934 1135 988 oppositi
1171 935 1335 988 reliqua
1374 934 1585 976 enunciata

110 1011 183 1048 est.
229 1005 370 1047 Possis
402 1005 522 1046 etiam
552 1005 605 1046 ita
637 1003 857 1059 explicare,
888 1008 932 1046 ut
958 1003 1121 1046 Tacitus
1151 1004 1334 1045 breviter
1363 1003 1466 1045 haec
1496 1003 1585 1045 fere

110 1075 416 1129 complectatur:
457 1073 500 1115 id
537 1074 653 1116 miles
691 1062 1122 1127 omen'praesentium
1160 1074 1335 1128 accepit,
1376 1087 1468 1116 cum
1498 1075 1586 1115 suis

109 1156 190 1187 non
234 1143 358 1186 Drusi
397 1143 523 1186 rebus
565 1148 685 1198 atque
728 1143 925 1199 angustiis
971 1142 1250 1195 adsimularet,
1299 1147 1339 1184 et
1369 1142 1586 1184 laboribus

111 1214 269 1269 quidem
309 1212 580 1256 defectionem
617 1213 787 1266 sideris,
827 1213 1000 1267 reliquis
1036 1214 1060 1256 i.
1093 1226 1128 1255 e.
1169 1213 1342 1268 speratis
1362 1199 1584 1269 'fulgorem

110 1284 425 1340 redintegratum
476 1296 551 1338 pro
598 1284 719 1339 signo
763 1286 948 1338 poneret.
1031 1282 1187 1325 Vellem
1230 1282 1416 1325 Baiterus
1463 1282 1584 1324 dubio

112 1355 357 1407 exemisset,
403 1353 512 1408 quod
552 1359 658 1396 teste
695 1353 907 1395 Walthero
938 1352 1115 1396 Pichena
1154 1354 1194 1395 in
1233 1352 1378 1395 codice
1416 1352 1586 1405 viderat,

110 1424 278 1479 primum
308 1437 332 1465 r
361 1424 402 1465 in
428 1429 651 1479 perqerent
683 1428 834 1479 puncto
877 1423 1067 1478 superius
1097 1428 1277 1466 notatum
1311 1435 1433 1477 esse3
1477 1422 1587 1478 quod

111 1495 145 1537 si
176 1506 319 1536 verum
350 1498 426 1546 est,
456 1494 563 1535 haud
593 1494 767 1536 invalida
789 1494 884 1535 inde
911 1493 1061 1535 fultura
1092 1493 1252 1536 additur
1281 1498 1449 1535 nostrae
1480 1505 1587 1535 con-

107 1566 302 1619 Jecturae.
365 1563 446 1607 Sed
476 1575 612 1618 neque
641 1565 730 1619 ipse
762 1563 978 1618 quidquam
1021 1563 1072 1605 de
1114 1576 1162 1606 ea
1191 1576 1238 1606 re
1276 1563 1505 1617 adnotavit,
1550 1568 1588 1604 ct

109 1633 284 1676 Bekkeri
314 1633 515 1676 silentium
540 1639 634 1689 post
655 1634 837 1676 iteratam
862 1634 1119 1676 collationem
1143 1635 1233 1689 plus
1259 1648 1376 1689 quam
1408 1647 1587 1689 suspec-

112 1707 191 1745 tam
220 1704 261 1745 in
291 1702 465 1746 Pichena
497 1704 708 1746 oculorum
739 1704 866 1745 aciem
897 1704 1087 1757 relinquit
1095 1718 1108 1755 ,-
1147 1705 1225 1746 nisi
1257 1705 1366 1747 forte
1395 1709 1587 1759 punctum

110 1772 205 1814 illud
234 1777 419 1828 tempore
449 1773 622 1816 ablatum
654 1777 727 1815 est.

686 1888 820 1940 Am.
852 1887 894 1954 I,
935 1890 1015 1940 59.

227 1982 456 2037 Arminius,
498 1984 728 2039 proditione
759 1983 945 2041 Segestis
985 1985 1122 2027 soceri
1160 1984 1354 2028 incensus
1397 1990 1438 2028 et
1475 1991 1590 2041 rapta

111 2065 244 2095 uxore
288 2065 437 2096 vecors
479 2059 592 2097 actus
634 2054 826 2097 volitabat
860 2067 936 2109 per
975 2054 1234 2109 Cheruscos,
1277 2070 1386 2098 arma
1424 2057 1464 2098 in
1508 2057 1589 2099 Se—

113 2127 295 2177 gestem,
337 2134 448 2166 arma
488 2124 529 2165 in
569 2123 788 2167 Caesarem
826 2136 1019 2180 poscens.
1088 2126 1236 2181 Neque
1278 2127 1440 2182 probris
1481 2132 1590 2170 tem-

111 2193 289 2246 perabat.

254 2286 438 2330 Coleret
467 2289 693 2347 Segestes
732 2290 892 2331 victam
935 2291 1103 2345 ripam,
1149 2291 1358 2333 redderet
1398 2289 1487 2333 filio
1518 2304 1588 2332 sa-

251 2359 499 2401 cerdotium
531 2358 736 2401 hostium.
813 2360 1063 2402 Germanos
1101 2373 1327 2417 nunquam
1367 2363 1479 2403 satis
1514 2376 1589 2404 ex-

252 2432 514 2482 cusaturos,
558 2430 674 2487 quod
712 2431 829 2472 inter
861 2431 1000 2473 Albim
1034 2434 1081 2472 et
1111 2431 1315 2473 Rhenum
1355 2433 1512 2489 virgas
1546 2437 1591 2474 et

253 2510 442 2541 secures
474 2502 520 2541 et
550 2503 703 2556 togam
736 2500 939 2543 viderint.

228 2589 296 2633 Sic
314 2592 585 2647 Nipperdeius
610 2592 721 2635 dedit
745 2606 798 2635 ex
815 2593 958 2636 Halmii
981 2595 1240 2650 conJectura3
1272 2600 1312 2637 et
1332 2596 1468 2650 potior
1489 2608 1589 2638 sane

113 2669 162 2701 ea
193 2665 257 2703 est
286 2675 406 2717 quam
439 2663 630 2720 Seyfferti
662 2664 879 2717 omissum,
911 2664 1114 2720 Horkelii,
1145 2666 1480 2723 Bezzenbergeri
1509 2667 1588 2710 hoc
