1920 3188
893 111 1186 154 ...54-

300 254 484 299 regnare
507 239 847 297 compendiorum
878 239 1125 295 libertatem
1155 241 1211 285 ila
1233 242 1302 297 Χῖ,
1322 243 1348 284 5
1378 242 1532 299 legitur
1560 242 1611 285 53
1635 246 1677 284 et
1700 244 1791 286 ἦε

299 325 374 368 pro
406 326 575 367 (κῆπος,-
606 311 694 364 XV,
720 311 778 352 25
807 311 976 354 iulio-sta
1005 323 1082 366 pro
1112 312 1356 366 inhonesta5
1384 312 1472 366 XV,
1493 311 1549 354 35
1581 312 1687 366 ejlis
1714 325 1790 368 pro

299 383 502 438 epistulis.
552 382 604 426 cf.
648 382 768 425 etiam
802 381 869 435 lv,
911 380 966 423 12
1009 383 1083 437 sps
1113 397 1173 424 =
1201 384 1398 439 spiritus,
1441 382 1529 426 aliis
1572 382 1676 425 locis
1715 383 1790 426 alia

298 454 436 497 multa.
483 453 528 496 In
559 453 783 509 archetypo
816 452 982 495 fuerunt
1011 452 1119 496 haud
1150 453 1271 497 dubie
1301 452 1504 510 ejusmodi
1534 453 1788 508 compendia.

298 525 413 580 Ergo
456 523 596 579 quidni
639 527 804 579 poterat
843 523 964 565 etiam
993 523 1170 567 scientia
1208 524 1451 581 compendio
1483 528 1695 567 exaratum
1723 524 1791 566 in-

299 594 432 636 veniri
444 609 504 635 =
518 594 614 637 sffi
629 609 643 646 ς
664 593 906 648 praesertim
924 607 1047 649 quum
1064 607 1119 637 ex
1135 596 1395 650 oppositione
1414 594 1703 637 sententiarum
1720 594 1791 636 vix

300 664 420 707 aliam
449 676 596 707 vocem
628 663 705 705 hac
736 662 845 705 sede
875 664 1077 719 suspicari
1098 663 1264 720 possis?
1295 665 1384 708 Jam
1415 664 1532 707 vide:
1562 677 1584 707 s
1614 676 1670 707 ex
1695 663 1791 707 iffa

299 735 538 790 absorptum
570 739 634 777 est
664 733 953 789 praecedentis
984 735 1173 778 vocabuli
1207 736 1313 788 fine3
1345 736 1423 790 ,cia
1458 739 1591 778 autem
1622 745 1720 776 mox
1750 739 1791 776 et

299 805 421 847 facile
457 805 500 847 in
539 817 600 847 ua
638 807 875 860 corruptum
917 817 1008 848 cum
1039 805 1072 847 ii
1099 822 1158 848 =
1188 806 1277 849 naii
1313 809 1550 848 monstrum*
1575 803 1672 848 illud
1699 805 1792 847 uati

300 876 472 930 peperit.

420 945 484 987 De
528 945 738 988 locutione
791 945 842 987 cf.
886 944 990 987 Ann.
1033 944 1100 997 vl,
1141 943 1209 986 20.
1264 945 1442 987 scientia
1483 944 1791 987 Chaldaeorum

300 1016 420 1057 artis.
484 1014 566 1056 Cic.
599 1014 668 1057 Or.
700 1015 731 1067 1,
763 1014 803 1056 6.
847 1015 1027 1056 omnium
1068 1026 1207 1055 rerum
1237 1019 1363 1069 atque
1391 1015 1545 1056 artium
1573 1014 1790 1057 seientiam

300 1085 510 1139 consequi.
573 1084 666 1126 Tac.
698 1083 800 1126 Dial.
831 1082 901 1127 32.
935 1084 1159 1126 multarum
1189 1084 1342 1126 artium
1370 1084 1610 1127 scientiam.-

338 1195 341 1196 .
417 1154 531 1197 Haec
563 1167 686 1210 quum
718 1154 993 1210 scripsissem,
1026 1166 1080 1196 ex
1109 1153 1254 1197 Halmii
1284 1153 1540 1209 praefatione
1570 1154 1789 1210 postmodo

301 1225 496 1282 cognovi,
529 1229 698 1268 nostrae
729 1224 902 1268 similem
925 1223 1261 1268 emendationem
1284 1225 1403 1268 etiam
1426 1223 1790 1281 Oelschlaegerum

301 1296 603 1351 proposuisse,
637 1308 775 1350 neque
806 1300 940 1338 tamen
970 1296 1149 1350 repperi,
1181 1295 1329 1350 quibus
1356 1295 1424 1337 ille
1455 1295 1628 1350 scriptis.
1688 1295 1790 1337 Nam

300 1366 339 1407 in
372 1369 676 1421 programmate
709 1364 944 1409 Suevofurt.
980 1363 1096 1408 1844
1126 1377 1209 1408 non
1249 1369 1315 1408 est
1352 1369 1394 1408 et
1424 1365 1605 1408 Halmius
1644 1365 1790 1415 omisit,

302 1448 384 1490 quo
417 1436 500 1477 loci
531 1435 638 1477 edita
669 1436 722 1477 sit
753 1448 802 1477 ea
839 1435 1105 1487 emendatio,
1133 1435 1380 1491 significare.
1439 1434 1681 1491 Legendum
1712 1447 1791 1477 au-

300 1510 382 1547 lem
424 1510 569 1548 censet
609 1505 673 1547 vir
714 1504 1000 1549 doctissimus:
1049 1504 1225 1548 necdum
1266 1505 1443 1561 insignis
1482 1506 1588 1549 artis
1622 1505 1788 1561 peritia.

302 1574 529 1619 Considere
558 1577 684 1618 simul
712 1582 788 1618 etc.

824 1692 958 1742 Ann.
997 1691 1145 1756 XIV,
1184 1694 1266 1742 58.

418 1786 581 1837 Plauto,
619 1798 751 1841 nuper
790 1786 831 1828 in
862 1784 1003 1828 Asiam
1034 1790 1192 1838 amoto,
1235 1785 1371 1841 parari
1410 1797 1553 1828 necem
1592 1797 1673 1828 uon
1711 1798 1790 1828 oc-

301 1856 453 1899 cultum
491 1856 567 1899 fuit
574 1870 587 1908 3
628 1879 685 1887 —
725 1861 907 1898 ceterum
948 1856 1118 1898 libertus
1155 1855 1282 1898 Plauti
1327 1855 1537 1898 celeritate
1575 1860 1790 1898 ventorum

302 1926 518 1982 praevenit
547 1926 831 1970 centurionem
862 1930 904 1969 et
934 1925 1121 1969 mandata
1150 1926 1195 1968 L.
1227 1926 1389 1970 Antistii
1421 1926 1559 1969 soceri
1588 1926 1736 1969 attulit:

441 2018 680 2076 Effugeret
704 2031 894 2077 segnem
920 2023 1110 2061 mortem
1134 2016 1273 2060 otium
1296 2017 1544 2078 suffugium
1568 2017 1615 2062 et
1638 2022 1790 2078 magni

442 2092 635 2133 nominis
669 2092 960 2132 miseratione
992 2092 1277 2146 reperturum
1308 2091 1477 2145 bonos,
1518 2091 1790 2134 censociatu-

443 2172 540 2201 rum
571 2159 781 2203 audaces.
1423 2161 1425 2163 ’

420 2253 603 2297 Halmius
635 2266 779 2296 verum
810 2252 1078 2309 sagacissime
1102 2253 1364 2310 investigavit
1381 2253 1425 2314 ff)
1457 2266 1506 2297 ac
1526 2259 1677 2298 tantum
1707 2267 1789 2298 non

305 2324 485 2380 pupugit.
546 2324 684 2366 Facile
716 2324 823 2366 enim
855 2327 951 2379 post
980 2323 1090 2366 illum
1122 2323 1297 2380 colligas
1326 2323 1545 2380 legendum
1576 2336 1694 2368 esse:

441 2405 682 2463 Effugeret
713 2418 906 2462 segnem
947 2409 1139 2448 mortem
1180 2404 1403 2449 sontium.-
1447 2405 1694 2463 suffugium
1727 2419 1788 2448 ex

444 2478 592 2531 magni
626 2478 815 2518 nominis
847 2477 1141 2519 miseratione
1171 2478 1455 2533 reperturum
1482 2477 1652 2519 bonose
1683 2490 1786 2519 con-

443 2547 720 2595 sociaturum
753 2546 965 2589 audaces.

394 2711 433 2756 *)
457 2711 567 2755 Jahn,
592 2709 739 2745 Jahrbb.
766 2711 789 2745 f.
816 2709 1069 2745 Philon-1849.
1097 2720 1132 2755 p.
1156 2709 1238 2745 394.
