1920 3188
732 134 993 175 ...9.-

268 267 402 320 tituli,
438 267 653 307 victarum
686 265 742 306 ab
773 276 827 306 eo
853 266 1053 321 gentium
1079 265 1294 309 vocabula
1324 263 1602 309 anteferren-

267 341 362 389 tur,
395 336 440 376 L.
474 336 712 377 Arruntius
745 346 986 378 censuere.

240 429 368 471 Recte
407 426 680 482 Nipperdeius
722 431 880 479 monet,
935 427 1044 482 quod
1073 429 1157 483 Jam
1200 428 1495 483 Wopkensium
1533 430 1602 471 vi-

127 503 237 546 disse
268 499 443 542 Wolfius
474 502 663 549 testatur,
711 502 952 540 structuram
992 499 1096 551 loci,
1142 498 1259 540 nimis
1297 499 1503 553 abruptam
1533 500 1600 541 illo

126 570 325 614 vocabulo
356 569 449 620 visi,
482 568 621 610 Tacito
645 567 849 624 indignam
875 579 982 609 esse.
1043 567 1096 610 At
1126 569 1231 610 enim
1262 570 1461 611 sententia
1492 582 1602 623 quo-

127 654 206 697 que
236 638 500 681 intolerabilis
532 643 617 690 est,
658 651 781 692 quum
819 638 889 678 vix
922 638 1132 692 quisquam
1166 638 1379 692 expediat,
1423 652 1496 681 our
1525 640 1604 680 visi

127 710 379 767 potissimum
417 708 498 750 sint
538 707 722 763 insignes
761 707 815 749 illi
852 708 1057 761 honores,
1101 720 1184 750 non
1226 708 1388 750 fuerint.
1461 708 1604 761 Neque

128 788 259 825 tamen
289 784 333 821 ut
362 779 624 835 peregrinum
654 778 770 821 uncis
802 778 1107 832 secludendum,
1142 792 1277 834 neque
1309 784 1352 821 ut
1383 777 1605 820 maleficum

129 848 446 907 expungendum
478 849 554 890 erit
584 849 842 901 vocabulum,
875 848 950 890 sed
982 849 1287 891 emendandum.
1350 850 1485 905 Lege:
1516 850 1607 890 vice

129 928 169 965 et
198 922 331 963 omnia
362 924 475 962 recte
507 920 722 973 habebunt,
755 920 956 962 sententia
988 920 1143 973 Tacito,
1175 921 1243 974 qui
1274 920 1481 975 sapienter
1510 932 1605 961 mo-

128 993 207 1035 nita
239 992 425 1033 inserere
456 995 574 1042 amat,
605 1002 775 1044 prorsus
807 990 941 1046 digna.
1001 990 1063 1032 En
1094 992 1225 1033 vicem
1253 991 1376 1032 sortis
1408 991 1606 1032 humanae

128 1062 371 1120 gravissimo
413 1072 513 1102 casu
554 1060 804 1116 insignitam:
849 1066 966 1115 porta
1003 1061 1231 1115 triumphali
1271 1060 1431 1103 ducitur
1465 1061 1605 1114 funus,

129 1138 168 1175 et
199 1132 267 1187 qui
299 1132 340 1172 in
371 1142 529 1173 summo
562 1129 725 1187 fastigio
765 1132 922 1185 positus
962 1130 1098 1186 legum
1128 1131 1232 1173 lator
1262 1136 1302 1172 et
1332 1131 1464 1172 victor
1494 1142 1606 1186 gen-

128 1205 224 1246 tium
255 1202 377 1245 modo
409 1201 505 1256 fuit,
532 1202 613 1257 jam
646 1202 782 1258 legem
809 1202 950 1243 mortis
981 1202 1138 1256 accepit
1168 1201 1257 1257 ipse
1289 1207 1330 1244 et
1359 1202 1493 1244 victus
1524 1200 1611 1243 est!

704 1319 838 1370 Ann.
869 1319 910 1385 I,
950 1321 1032 1370 28.

243 1415 287 1457 ln
325 1414 471 1458 eodem
509 1414 829 1457 Pannonicarum
872 1413 1082 1471 legionum
1125 1413 1294 1457 tumultu
1337 1413 1425 1455 fors
1467 1414 1608 1456 lenivit

128 1492 289 1530 noctem
321 1487 516 1528 minacem
549 1490 590 1528 et
619 1487 658 1527 in
690 1485 826 1527 scelus
859 1490 1110 1540 erupturam:
1142 1498 1233 1527 nam
1263 1485 1358 1527 luna
1390 1485 1500 1527 claro
1531 1497 1606 1526 re·-

128 1562 248 1613 pente
280 1556 399 1599 coelo
432 1557 521 1599 visa
552 1556 838 1612 languescere.

271 1651 321 1693 ld
353 1651 483 1691 miles
514 1652 699 1692 rationis
741 1652 929 1706 ignarus
967 1661 1094 1691 omen
1136 1651 1450 1705 praesentium
1482 1661 1606 1691 acce-

268 1723 347 1776 pit,
380 1719 514 1760 asnis
546 1719 780 1760 laboribus
808 1716 1108 1760 defectionem
1135 1720 1300 1761 sideris
1327 1718 1606 1761 adsimulans

265 1800 572 1845 prospereque
613 1799 807 1830 cessura
846 1798 959 1844 quae
999 1793 1241 1844 peryerent
1288 1791 1326 1831 si
1367 1787 1520 1847 fulgor
1562 1792 1607 1829 et

269 1860 491 1902 claritudo
524 1860 636 1901 deae
667 1859 953 1903 redderetur.

243 1954 356 1996 Hanc
386 1953 541 1995 codicis
572 1953 811 2008 scripturam
843 1953 1019 1997 Orellius
1058 1967 1181 1997 cruce
1213 1958 1325 1996 notat
1353 1958 1398 1996 ut
1428 1965 1606 2009 corrup-

129 2028 228 2076 tam3
270 2024 456 2078 plerique
495 2024 791 2077 recentIOrum‚
833 2030 1058 2079 praeeunte
1087 2024 1300 2066 Walthero
1333 2024 1607 2066 difficultatem

128 2094 209 2136 loci
255 2094 497 2149 explicando
545 2094 764 2147 sublaturi,
811 2095 935 2138 edunt
976 2109 1030 2138 ac
1069 2096 1178 2147 suis,
1226 2095 1375 2137 ceteris
1418 2096 1605 2139 servatis.

127 2164 216 2206 Nisi
254 2164 365 2219 quod
395 2164 568 2206 Haasius
610 2165 865 2219 nuperrime,
906 2165 1137 2207 Bekkerum
1170 2170 1365 2218 secutus,
1408 2178 1462 2207 ac
1491 2166 1607 2207 uncis

129 2235 308 2280 seclusit.
380 2234 653 2279 Doederlinus
690 2236 995 2291 transponendo
1034 2241 1176 2279 censet
1211 2237 1345 2279 locum
1378 2248 1476 2279 esse
1507 2249 1607 2279 cor-

128 2304 361 2360 rigendum3
402 2306 675 2361 Nipperdeius
716 2321 767 2348 ac
806 2307 949 2349 omittit
987 2313 1028 2349 et
1068 2309 1305 2362 conjectura
1335 2319 1436 2349 usus
1468 2308 1609 2349 scribit

124 2388 408 2432 prospereque
439 2391 649 2420 cessurum
680 2391 764 2432 qua
790 2382 1037 2432 perqerent5
1066 2390 1206 2432 parum
1236 2377 1422 2430 feliciter,
1455 2382 1497 2419 et
1525 2390 1605 2419 ne-

129 2458 327 2501 quaquam
359 2448 548 2489 Taciteae
589 2448 785 2490 orationis
826 2448 1153 2502 perspicuitatem
1194 2453 1453 2502 assequutus.
1515 2448 1606 2504 Ego

130 2527 152 2556 a
182 2518 501 2572 transpositione
531 2522 719 2572 tanquam
757 2518 1001 2574 gravissimo
1040 2517 1223 2560 remedio
1257 2517 1485 2560 abhorrens
1517 2531 1607 2561 cum

130 2583 332 2641 Seyfferto
364 2587 492 2641 facio,
532 2589 601 2642 qui
638 2587 826 2630 mendum
869 2588 909 2630 in
951 2588 1080 2630 verbo
1108 2593 1333 2644 perqerent
1373 2588 1501 2631 latere
1531 2601 1606 2643 pro

130 2661 243 2698 certo
274 2658 406 2701 habet.
468 2659 680 2713 Nunquam
713 2659 819 2700 enim
851 2659 946 2701 mihi
982 2659 1263 2714 persuadebo,
1307 2659 1416 2714 quod
1446 2659 1606 2701 Boetti-

130 2724 277 2771 cherus
302 2733 342 2772 et
367 2728 598 2773 Waltherus
624 2728 776 2772 docere
800 2729 976 2785 student,
1009 2742 1100 2773 cum
1125 2730 1253 2773 verbo
1278 2741 1457 2785 peryere
1487 2729 1605 2772 ullius
