1920 3188
711 175 999 217 -13..-

111 307 475 363 Bezzenbergerus
509 304 768 347 audaciorem
800 303 1160 357 transpositionem
1198 318 1294 348 esse
1325 306 1437 360 dicit,
1475 318 1594 360 quam

112 382 174 424 cui
205 378 393 422 assentiri
438 377 570 418 liceat.
634 374 753 425 Quod
792 375 883 429 ipse
921 373 985 415 hic
1025 376 1237 430 proponit:
1283 388 1332 417 en
1363 377 1494 419 Varus
1534 382 1596 418 est

113 451 339 504 codemque
370 449 515 490 iterum
547 446 630 488 sato
661 446 821 488 vinctae
851 444 1063 501 legiones!
1099 446 1308 502 languoris
1341 447 1438 489 vitio
1470 448 1593 489 labo—

114 527 187 574 rat,
226 524 509 574 praeterquam
550 516 660 571 quod
703 516 792 556 veri
830 516 998 558 similius
1039 521 1122 568 est,
1166 515 1305 557 sedem
1337 518 1594 571 corruptelae

116 595 155 634 in
185 588 331 631 vocula
374 601 452 641 que
496 599 605 628 esse.
681 586 970 639 Compendium
1010 588 1099 641 ejus
1133 600 1179 640 q3
1218 599 1414 639 perquam
1454 588 1594 627 similis

117 666 179 704 est
207 659 302 701 huic
334 656 398 712 ej‘,
431 656 539 711 quod
574 660 637 698 est
667 657 782 709 ejus;
812 655 863 697 cf.
887 655 917 709 1,
949 653 1005 697 73
1037 656 1104 697 ubi
1137 660 1201 697 est
1231 655 1271 696 in
1294 655 1383 696 cod.
1409 656 1517 697 alios
1541 655 1594 696 ei'

118 731 309 785 ejusdem.
369 728 466 770 Inde
499 728 710 782 suspicor,
743 727 881 768 Tacito
916 726 1045 768 fuisse
1077 727 1295 781 scriptum:

255 811 319 853 En
349 807 496 855 Varus
540 813 585 851 et
628 809 788 852 eodem
834 804 933 865 ejus
977 810 1137 851 iterum
1182 807 1277 851 fato
1319 810 1494 851 vinctae
1534 808 1596 850 le-

257 880 440 938 giones!

232 962 283 1004 Et
311 961 413 1004 haec
446 961 579 1004 addita
610 974 694 1004 vox
724 966 876 1005 tantum
915 962 1031 1004 abest
1068 965 1111 1004 ut
1149 959 1355 1016 superflua
1394 972 1516 1013 esse,
1556 964 1599 1002 ut

120 1033 341 1075 desiderari
366 1033 484 1073 etiam
511 1033 710 1075 videatur.
754 1032 836 1074 Aut
857 1033 962 1073 enim
988 1032 1163 1073 debebat
1187 1031 1343 1073 dicere:
1366 1030 1433 1071 En
1463 1030 1598 1072 Varus

120 1109 158 1146 et
186 1104 381 1157 leyiones,
414 1107 482 1144 aut
513 1102 686 1145 debebat
717 1104 806 1157 eJ'us
835 1102 990 1144 inferre
1021 1103 1210 1157 scriptor,
1242 1115 1295 1144 ne
1320 1102 1428 1143 idem
1449 1102 1600 1142 iterum

116 1175 249 1228 falum
280 1172 329 1214 ad
361 1173 473 1214 solas
504 1173 692 1228 legiones
730 1173 911 1229 legitime
949 1172 1187 1214 referretur.
1250 1172 1369 1220 Quod
1402 1172 1437 1212 si
1467 1171 1598 1223 fieret,

127 1243 261 1286 Varus
290 1248 331 1284 et
360 1243 541 1297 legiones
571 1255 653 1285 non
686 1244 890 1298 conjuncti
922 1242 996 1284 sed
1024 1242 1213 1297 diSJuncti
1245 1247 1398 1294 essent,
1429 1246 1473 1284 ut
1502 1241 1596 1283 loco

119 1315 171 1355 ita
203 1310 486 1369 cogitationes
536 1313 682 1368 Neque
714 1312 992 1366 offendemus,
1038 1312 1149 1367 quod
1180 1312 1305 1355 fatum
1337 1313 1433 1353 duci
1462 1312 1597 1366 potis-

121 1384 262 1426 simum
294 1384 520 1426 ascribatur
551 1388 592 1426 et
621 1383 748 1439 priori
778 1383 872 1426 loco
903 1383 1079 1438 positum
1104 1384 1144 1425 vi
1165 1383 1310 1439 majori
1341 1383 1497 1425 animos
1529 1382 1597 1424 le-

121 1456 298 1510 gentium
331 1455 486 1498 subeat.
551 1453 792 1497 Germanice
821 1459 997 1497 vertam:

258 1537 338 1578 Hie
369 1538 518 1578 Varus
550 1537 638 1579 und
670 1539 767 1578 sein
800 1536 1050 1578 Geschick!
1096 1537 1206 1578 Zum
1237 1536 1524 1580 zweitenmal
1555 1539 1596 1578 in

233 1600 466 1665 *gleicher
497 1608 651 1649 Weise
685 1608 818 1649 ereilt
850 1619 901 1648 es
934 1607 1005 1648 die
1037 1606 1289 1664 Legionen!

235 1688 464 1731 Decursum
497 1689 615 1731 etiam
653 1701 948 1744 numerumque
989 1689 1209 1731 verborum
1249 1689 1368 1731 velim
1401 1688 1598 1742 attendaS‚

122 1759 189 1812 qui
218 1759 324 1802 haud
353 1759 447 1801 nihil
477 1764 618 1802 nostra
638 1759 799 1802 videtur
821 1759 1104 1802 emendatione
1122 1760 1271 1815 Juvari.
1317 1760 1380 1802 De
1412 1760 1597 1816 synchy-

123 1830 156 1871 si
188 1835 321 1872 autem
352 1830 569 1872 verborum
610 1829 661 1871 cf.
694 1843 799 1884 quae
830 1830 1114 1872 Boetticberus
1145 1830 1272 1872 attulit
1303 1831 1489 1884 exempla
1521 1831 1597 1872 sub

124 1901 412 1943 conlocatione
422 1914 439 1953 ,·
476 1901 610 1955 iisque
652 1900 756 1942 adde
787 1901 910 1943 haec:
954 1900 1057 1942 Anu.
1079 1901 1126 1954 ll,
1158 1900 1184 1941 6
1217 1914 1418 1943 converso
1449 1905 1496 1942 ut
1523 1914 1597 1942 re-

117 1977 240 2023 pente
267 1972 440 2025 remigio
471 1971 568 2013 hinc
597 1972 666 2012 vel
692 1971 809 2013 illine
840 1971 1108 2025 appellerent.
1152 1971 1199 2024 ΙΙ,
1235 1971 1290 2012 14
1314 1972 1497 2025 primam
1526 1976 1599 2012 ut-

124 2053 280 2096 cunque
310 2043 439 2083 aciem
467 2042 687 2085 hastatum.

236 2107 388 2154 Eadem
426 2113 759 2166 compendiorum
799 2115 857 2166 ej3
902 2117 943 2154 et
982 2125 1027 2166 q3
1071 2113 1367 2167 permutatione
1408 2111 1599 2154 mendum

123 2183 297 2225 traxisse
327 2182 489 2225 videtur
518 2183 638 2225 locus
669 2182 811 2238 Aqric.
844 2196 877 2224 c.
904 2182 965 2224 17.
998 2183 1066 2225 ubi
1096 2183 1294 2239 legimus:

263 2269 308 2306 et
341 2266 544 2307 cerealis
577 2266 752 2322 quidem
794 2265 983 2306 alterius
1023 2268 1308 2307 successoris
1348 2278 1500 2307 curam
1534 2264 1599 2307 fa-

263 2349 467 2392 mamque
522 2337 780 2378 obruisset:
853 2335 1165 2391 sustinuitque
1227 2336 1389 2377 molem
1448 2335 1597 2377 Julius

261 2406 522 2457 Frontinus,
554 2409 620 2449 vir
650 2419 859 2463 magnus.

240 2487 397 2537 Quodsi
428 2489 603 2531 scribas:
635 2490 829 2530 sustinuit
858 2490 945 2543 ejus
973 2488 1132 2540 molem,
1164 2488 1419 2531 continuabis
1451 2488 1598 2530 simili-

125 2556 299 2600 tudinem
334 2561 382 2601 ab
414 2565 582 2602 auctore
611 2574 689 2615 per
712 2560 837 2602 verba
863 2559 1047 2602 Cerealis
1067 2583 1122 2591 —-
1146 2560 1353 2601 obruisset
1382 2560 1599 2614 metapho-

124 2627 209 2669 rice
241 2630 462 2682 conditam;
495 2635 535 2672 et
562 2632 758 2672 sustinuit
786 2644 878 2672 cum
908 2631 948 2673 vi
970 2631 1145 2686 oppositi
1176 2631 1305 2685 primo
1338 2631 1430 2673 loco
1464 2643 1598 2672 enun-

125 2698 269 2741 cintum
295 2713 370 2754 per
391 2713 438 2743 se
459 2701 634 2743 sufficiet
656 2714 791 2755 neque
812 2702 895 2744 ullo
919 2702 1116 2758 indigebit
1138 2714 1424 2756 praecursore,
1456 2701 1598 2755 quales

125 2767 302 2813 Halmius
334 2776 374 2814 et
403 2772 575 2816 Haasius
606 2777 830 2815 arcessunt.
