1920 3188
929 127 1217 171 -23-

324 233 502 287 primere
535 250 617 282 non
647 255 787 299 ausus,
822 251 959 296 maluit
982 260 1115 301 tamen
1138 263 1360 311 omittendo
1387 283 1505 326 quam
1526 274 1808 334 interpolando

321 315 512 365 peccare.
589 311 692 371 Quid
736 311 870 373 autem
914 336 968 367 ex
1011 334 1213 379 sententia
1246 340 1502 397 probabilius
1544 350 1808 407 querulisque

319 374 572 434 Agrippinae
602 385 775 430 vocibus
808 398 1174 459 accommodatius,
1214 420 1333 463 quam
1365 413 1400 455 si
1431 416 1651 471 scripsisse
1682 421 1806 466 Taci-

318 449 401 489 tum
434 452 681 507 cogitemus:
1276 470 1281 474 ’

459 556 566 589 esse
597 550 640 590 in
674 553 873 611 civitate,
906 560 983 615 qui
1013 563 1250 613 viduatam
1268 574 1528 622 Germanici
1560 582 1800 644 conjugem

456 626 508 657 ac
539 614 713 663 liberos
746 623 848 680 ejus
881 633 1084 689 recipere
1119 639 1425 703 dignarentur.
1791 669 1793 671 ’

309 792 502 843 reposcit.
536 794 587 837 cf.
612 796 716 841 Ann.
737 800 842 856 XVI,
865 803 924 848 30
954 808 1177 868 (Servilia)
1208 833 1342 875 nuper
1361 828 1514 871 marito
1533 829 1672 875 Annio
1693 834 1794 878 Pol-

307 859 419 903 lione
448 863 492 905 in
523 867 692 911 exilium
725 873 853 926 pulso
891 879 1130 928 viduata
1170 890 1529 952 desolataque.
1590 903 1720 962 Finge
1751 907 1792 949 in

305 931 531 989 archetypo
563 937 695 982 fuisse
728 950 960 991 exaratum:
993 953 1159 999 civitate
1190 964 1381 1016 qwtdatc‘z
1402 972 1442 1011 et
1462 970 1666 1030 intelliges
1697 990 1790 1021 ma-

303 1000 493 1048 nifestam
525 1008 655 1052 videri
684 1025 813 1067 posse
843 1021 1172 1073 geminationem.

418 1074 600 1121 Alterum
631 1082 839 1143 subjungo
876 1088 1032 1148 locum,
1062 1099 1140 1153 ¹qui
1180 1103 1275 1147 mibi
1317 1107 1478 1162 quidem
1510 1104 1656 1159 eodem
1686 1119 1785 1163 vitio

300 1142 500 1202 lacunam,
531 1149 628 1194 licet
657 1166 741 1198 non
774 1157 1011 1218 indicatam,
1044 1170 1221 1216 traxisse
1251 1177 1424 1222 videtur.
1485 1183 1590 1227 Ann.
1610 1187 1695 1243 ΧΠ,
1727 1190 1792 1233 54·

296 1214 347 1257 M.
381 1217 485 1260 alter
516 1221 704 1266 exhibet:
1477 1250 1479 1252 ’
1580 1241 1585 1244 ’

441 1313 559 1357 Sane
589 1320 894 1381 praebuerant
922 1328 1088 1376 Judaei
1119 1342 1319 1394 speciem
1352 1349 1501 1389 motus
1533 1354 1633 1394 orta
1664 1355 1779 1398 sedi-

436 1386 581 1442 tione,
626 1395 867 1458 postquam
913 1405 1094 1460 cognita
1134 1411 1274 1454 caede
1314 1412 1416 1469 ejus
1455 1418 1575 1468 haud
1607 1422 1777 1467 obtem-

431 1460 643 1511 peratum
689 1470 821 1528 esset
861 1474 1076 1517 manebat
1117 1484 1265 1544 metus
1307 1497 1361 1526 ne
1396 1491 1497 1545 quis
1528 1494 1775 1551 principum

430 1526 586 1570 eadem
619 1532 909 1589 imperitaret.

284 1700 407 1744 stitue
446 1717 550 1746 sane
577 1712 868 1762 praebuerant
894 1717 1051 1764 Judaei
1078 1729 1256 1784 speciem
1286 1736 1439 1785 motas,
1480 1741 1595 1779 orta
1624 1742 1767 1783 sedi—

281 1772 425 1815 tione
456 1776 521 1818 ob
548 1777 590 1820 0.
614 1779 856 1829 Caesaris
886 1791 1137 1849 edictum3
1164 1805 1277 1853 post,
1310 1815 1402 1845 cum
1433 1808 1602 1867 coynita
1620 1816 1693 1853 etc.
1727 1819 1767 1856 et

278 1852 377 1885 sana
409 1850 504 1887 sunt
535 1850 683 1894 omnia.
756 1853 891 1900 Verba
930 1862 1232 1910 obccesedicto
1266 1871 1290 1913 i.
1326 1885 1360 1914 c.
1391 1874 1444 1916 ob
1485 1876 1528 1918 Ο.
1563 1878 1764 1927 Caesaris

277 1912 453 1956 edictum
493 1924 663 1973 propter
701 1935 749 1966 ea
788 1939 894 1981 quae
930 1935 1175 1980 antecedunt
1214 1944 1484 1988 ortaseditioe
1519 1961 1593 2003 pro
1634 1951 1761 1997 ditto-

274 1983 444 2037 graphia
475 1995 642 2043 accepta
673 1997 925 2044 exciderunt.

393 2055 522 2102 Obvia
561 2067 625 2105 est
661 2065 700 2107 in
741 2068 871 2118 codd.-
898 2078 1140 2128 permutatio
1176 2079 1398 2128 litterarum
1436 2101 1461 2128 r
1498 2094 1538 2135 et
1575 2105 1601 2133 v
1640 2099 1681 2135 et
1717 2096 1756 2149 b,

270 2136 347 2166 nec
378 2129 509 2171 minus
540 2138 557 2172 t
588 2139 627 2176 et
658 2150 702 2189 c,
748 2140 856 2183 unde
892 2144 983 2198 plus
1014 2148 1113 2191 satis
1145 2152 1378 2198 confirmata
1410 2164 1549 2203 nostra
1581 2165 1755 2220 conjec-

268 2199 369 2238 tura.
410 2198 469 2241 Cf.
492 2200 559 2256 IV,
584 2204 640 2246 65
672 2209 933 2263 advenabam
953 2231 1011 2257 z
1031 2219 1277 2266 advenarum
1303 2226 1409 2281 XVI,
1440 2228 1496 2271 22
1527 2234 1673 2276 tenebo
1695 2252 1753 2277 Σ.-

266 2270 323 2319 te,
356 2268 494 2326 Nero,·
526 2278 567 2316 et
595 2275 799 2323 Heraeum
829 2282 854 2325 1.
881 2284 919 2342 Ι.-
943 2299 981 2342 p.
1003 2287 1059 2331 93
1091 2291 1183 2334 coll.
1213 2306 1252 2349 p.
1279 2294 1373 2339 127.
1632 2358 1642 2363 ,Α

382 2338 487 2390 Quid
529 2347 639 2400 quod
682 2352 861 2408 tertium,
905 2363 1111 2414 quartum,
1155 2364 1335 2418 quintum
1374 2368 1509 2415 locum
1549 2380 1663 2419 certo
1700 2392 1748 2423 ac

261 2420 466 2465 prospero
499 2422 650 2461 eventu
679 2432 828 2467 sanare
858 2425 974 2482 licet,
1011 2431 1133 2475 modo
1173 2446 1226 2477 ne
1263 2437 1503 2485 medicinam
1535 2443 1638 2490 hanc
1668 2449 1745 2492 ab-
