1920 3188
703 140 993 184 -15—

109 277 281 330 ponunt,
325 283 430 325 quae
461 272 500 311 in
533 270 675 312 codice
707 283 788 312 non
821 276 896 311 est.
957 270 1030 321 At,
1070 283 1249 323 quaeso,
1290 271 1384 324 quid
1415 272 1588 312 interest

109 342 222 393 tradI,
255 353 336 395 quo
368 353 488 393 anno,
521 345 641 395 atque
673 340 776 382 adeo
810 352 890 394 quo
924 339 1028 382 duce
1058 339 1206 381 Flavus
1239 341 1400 383 oculum
1430 341 1587 383 amise-

109 413 188 456 rit?
230 411 431 464 Equidem
462 424 527 452 me
554 411 753 452 confiteor
782 422 917 464 neque
956 411 995 451 in
1027 410 1262 451 universum
1295 411 1333 451 id
1364 424 1499 465 neque
1531 424 1586 453 ex

108 486 156 526 iis
198 494 303 536 quae
347 486 562 524 narrantur
602 481 783 523 divinare
822 493 960 535 posse.
1042 481 1169 523 Recte
1214 480 1384 523 Rothius
1431 481 1584 535 docuIt,

110 553 262 596 amisso
302 551 424 594 oculo
466 563 547 593 non
594 564 685 593 cum
725 550 843 593 laude
887 551 1060 606 insignis
1098 550 1192 592 fidei
1234 551 1586 607 conjungendum3

110 635 227 679 quam
259 622 312 663 ita
344 622 460 676 quasi
499 622 731 677 obsignari,
776 621 1007 676 speciosius
1046 621 1140 661 mihi
1182 632 1300 674 quam
1340 623 1477 663 verius
1511 622 1588 663 ad-

110 698 290 736 notatum
321 692 483 734 videtur
513 706 535 734 a
568 693 709 734 nescio
742 704 835 746 quo.
881 691 1094 745 Nunquam
1122 691 1285 733 Tacitus
1314 691 1451 733 amissi
1484 692 1590 734 oculi

56 818 60 821 γ
109 763 353 806 mentionem
400 761 591 814 fecisset,
638 762 715 803 nisi
760 762 992 803 irrisionem
1029 761 1199 802 Arminii
1246 773 1419 815 eamque
1463 761 1590 815 ipsam

110 835 194 877 oris
227 832 522 876 deformitatem
544 847 566 875 a
589 833 714 875 fratre
731 834 771 874 in
791 832 1005 875 ludibrium
1029 844 1191 874 versam
1215 837 1451 875 narraturus
1483 832 1590 874 tuis-

112 908 186 945 set.
232 902 337 952 Quid
359 903 508 945 multa?
540 902 693 945 Mutata
713 902 1037 956 interpunctione
1058 901 1174 944 locus
1195 913 1319 944 sanus
1352 903 1445 953 erit3
1478 907 1590 944 tene:

250 1008 356 1049 Erat
385 1011 425 1049 is
465 1011 508 1049 in
554 1006 783 1062 efflei-citu,
832 1011 1131 1065 cognomento
1167 1009 1354 1062 Flavus,
1404 1010 1591 1065 insignis

252 1077 339 1121 fide
373 1080 420 1119 et
452 1080 621 1121 amisso
654 1090 736 1136 per
767 1078 929 1120 vulnus
957 1078 1104 1132 oculo,
1138 1079 1296 1135 paucis
1330 1082 1434 1120 ante
1467 1070 1591 1120 annis

255 1149 369 1190 duce
413 1149 614 1201 Tiberio,
657 1153 751 1189 tum
786 1148 1033 1202 permissu.
1103 1150 1475 1207 Progressusque
1518 1162 1590 1191 sa-

251 1217 422 1260 lutatur
453 1219 507 1260 ab
540 1220 746 1261 Arminio.

228 1322 316 1364 Hoc
347 1322 430 1364 vult
464 1323 649 1365 Tacitus:
689 1328 775 1366 erat
805 1323 951 1365 Flavus
997 1324 1035 1365 iu
1075 1324 1276 1375 exercitu,
1320 1323 1589 1378 quemadmo-

112 1392 203 1434 dum
234 1394 374 1447 paucis
407 1398 499 1435 ante
531 1395 647 1435 annis
679 1393 783 1436 duce
805 1394 967 1447 Tiberio
990 1394 1186 1449 stipendia
1213 1407 1393 1445 merens,
1425 1395 1477 1435 ita
1511 1400 1591 1436 lum

111 1462 312 1517 permiSsu
354 1462 583 1505 Germanici
621 1464 727 1505 inter
765 1468 961 1506 evocatos
1002 1464 1254 1506 voluntarius
1298 1464 1517 1506 commilito
1534 1464 1588 1514 *).

111 1533 258 1588 Flavus
297 1534 384 1587 ipse
426 1534 609 1576 Arminio
652 1539 768 1577 aucta
809 1535 885 1576 sibi
928 1534 1128 1589 stipendia
1168 1539 1369 1578 memorat
1386 1534 1465 1585 W).
1528 1534 1592 1576 An

110 1602 216 1645 hunc
249 1603 460 1646 credamus
485 1604 651 1646 fratrem
675 1604 868 1659 pellicere
890 1604 1089 1657 voluisse,
1116 1609 1160 1646 ut
1184 1605 1406 1647 exercitum
1436 1604 1592 1646 duces-

112 1686 191 1726 que
224 1672 467 1715 descreret‘?
511 1674 713 1717 Emeritus
754 1675 951 1730 stipendia
989 1675 1167 1717 redierat
1198 1674 1248 1717 ad
1280 1688 1394 1717 suam
1427 1680 1592 1730 gentem

110 1741 342 1795 Boiocalus,
376 1748 417 1784 et
447 1743 585 1785 aderat
611 1744 877 1798 Ampsivariis
910 1756 1035 1800 agros
1067 1757 1088 1785 a
1120 1744 1313 1786 Romanis
1345 1745 1590 1799 petentibus,

111 1813 299 1855 reterens
332 1826 378 1854 se
416 1814 589 1856 ducibus
613 1814 775 1857 Tiberio
806 1820 845 1857 et
871 1814 1113 1857 Germanico
1145 1814 1345 1870 stipendia
1377 1815 1589 1857 meruisse.

113 1882 164 1926 cf.
197 1882 300 1936 XIII,
332 1883 399 1927 55.

673 2001 807 2052 Ann.
836 2001 904 2066 II,
945 2003 1025 2052 63.

228 2105 505 2147 Maroboduus
552 2107 728 2161 undique
774 2108 962 2149 desertus
1013 2108 1174 2161 scripsit
1215 2107 1378 2149 TIberio
1426 2120 1507 2149 non
1550 2112 1594 2149 ut

112 2174 313 2230 profugus
347 2181 414 2217 aut
446 2177 633 2231 supplex,
666 2176 739 2218 sed
768 2190 820 2218 ex
849 2178 1043 2219 memoria
1074 2178 1222 2232 prioris
1251 2177 1451 2219 fortunae.
1504 2177 1593 2218 Re-

114 2257 307 2299 sponsum
332 2259 353 2287 a
375 2246 566 2300 Caesare,
588 2252 710 2290 tutam
731 2248 767 2289 ei
791 2248 1112 2302 honoratamque
1133 2248 1273 2290 sedem
1297 2249 1335 2289 in
1360 2248 1469 2289 Italia
1489 2247 1591 2289 fore,

253 2352 308 2392 Et
344 2352 654 2394 Maroboduus
698 2353 877 2410 quidem
918 2355 1160 2396 Ravennae
1202 2354 1405 2406 habitus,
1450 2364 1505 2392 ne
1546 2352 1590 2393 si

254 2423 428 2478 quando
453 2423 781 2464 insolescerent
806 2425 957 2477 Suevi,
991 2426 1119 2480 qnasi
1156 2423 1386 2465 rediturus
1420 2424 1460 2464 in
1488 2435 1591 2479 reg-

253 2506 357 2535 num
391 2494 715 2538 ostentabatur.

207 2683 243 2725 *)
269 2683 311 2717 cf.
337 2682 538 2728 Marquardt
563 2682 595 2715 in
621 2680 734 2716 Bekk.
761 2681 897 2716 Handb.
924 2682 958 2717 d.
986 2686 1071 2716 rom.
1100 2681 1250 2718 Alterth.
1276 2681 1332 2725 111,
1360 2685 1391 2717 2.
1419 2692 1452 2726 p.
1469 2682 1549 2718 296.

207 2741 264 2786 **)
291 2740 499 2786 Marquardt.
526 2740 573 2775 ib.
600 2751 634 2785 p.
654 2740 735 2774 430.
