1920 3188
713 136 1000 179 -53-

120 269 264 314 dicium
296 280 418 322 quum
434 277 532 310 'non
571 267 789 324 effugerint
818 267 1031 325 Seyfferti,
1071 269 1421 326 Bezzenbergeri,
1462 268 1604 311 Ritteri

120 340 405 396 conjecturae,
453 351 502 382 ea
540 343 694 392 autem,
740 352 847 394 quae
889 338 1162 383 recentissimi
1205 339 1385 383 editores
1429 339 1605 398 legenda

119 409 351 467 perhibent,
387 420 466 450 nec
506 409 595 463 ipsa
634 410 733 451 satis
774 411 1002 452 convenire
1041 410 1136 451 loco
1173 409 1405 463 videantur,
1452 423 1603 453 novum

120 479 358 526 emendandi
388 479 611 535 periculum
643 479 791 523 facturi
828 481 961 524 statim
999 480 1262 537 exploremus
1293 480 1374 524 loci
1404 485 1601 525 naturam.

118 553 167 595 Et
203 551 374 606 primum
417 550 580 604 quidem
618 550 659 592 id
697 556 858 592 constat
893 552 1000 593 inter
1033 552 1279 606 plerosque,
1321 564 1344 592 a
1383 552 1602 593 considere

118 633 200 665 non
229 620 329 663 satis
360 619 575 663 commode
605 620 786 676 incipere
817 633 966 664 novam
997 622 1265 677 sententiam,
1311 621 1603 665 arcessendum

118 692 247 748 igiturv
271 703 296 732 e
325 691 417 732 nati
445 691 689 746 subjectum,
724 691 837 745 quod
866 697 1027 744 vocant,
1058 693 1089 733 ii
1120 692 1187 734 vel
1217 692 1272 733 hi.
1335 691 1495 732 Deinde
1525 704 1604 733 ve-

119 763 184 805 lim
216 759 444 813 concedas,
483 772 565 803 non
604 760 755 803 deesse
798 773 926 817 posse
964 766 1110 804 nostro
1149 761 1243 804 loco
1284 761 1454 804 verbum
1486 772 1604 804 suum

119 831 379 886 conjunctivo
424 831 547 872 modo
591 835 686 885 post
723 832 936 873 relativum
979 832 1128 885 quibus
1165 831 1469 885 proferendum.
1532 832 1604 873 In-

119 901 261 944 venies
298 901 339 943 in
379 900 534 957 syllaba
573 907 661 953 act,
706 901 817 956 quod
861 901 1053 957 scriptum
1092 900 1224 944 fuisse
1267 906 1361 956 puta
1405 903 1471 943 at
1507 902 1534 943 i.
1567 913 1603 944 e.

119 977 234 1015 esset.
294 972 445 1014 Verum
484 972 601 1026 plura
643 972 762 1014 etiam
804 973 994 1027 exposcit
1023 978 1065 1014 et
1095 984 1289 1014 numerus
1332 972 1529 1013 orationis
1562 976 1602 1013 et

119 1043 409 1087 sententiarum
441 1042 660 1098 oppositio.
729 1042 858 1099 Igitur
886 1042 1108 1086 concludo:
1148 1041 1490 1098 quemadmodum
1522 1053 1603 1085 vo—

120 1114 305 1156 cabulum
337 1114 483 1167 aliqua
520 1125 638 1155 suum
678 1113 801 1155 habet
831 1115 1062 1169 oppositum
1102 1115 1299 1168 insiqnis,
1338 1115 1399 1156 sic
1429 1114 1605 1156 habeant

119 1194 295 1227 necesse
326 1188 391 1226 est
421 1183 619 1226 vocabula
644 1184 860 1239 panycudi
891 1188 932 1226 et
958 1184 1157 1239 facultas.
1216 1183 1324 1234 Quid
1354 1187 1487 1226 autem
1519 1195 1602 1227 no-

120 1256 180 1297 bis
212 1259 340 1297 restat
369 1268 422 1295 ex
452 1255 542 1296 istis
574 1254 730 1296 codicis
761 1255 888 1296 ruinis
919 1257 1071 1297 aetatis
1101 1255 1220 1297 nati?
1273 1254 1380 1296 Nihil
1412 1259 1600 1308 praeter:

120 1330 270 1368 ateana.
311 1324 363 1367 Et
392 1323 486 1367 iude
517 1323 597 1368 duo
629 1324 828 1368 vocabula
860 1324 1044 1368 elIcere‘?
1075 1325 1252 1368 Fortiter
1277 1324 1487 1367 eliciemus
1518 1337 1600 1366 ne·-

120 1408 200 1451 que
225 1396 264 1437 vi
284 1400 445 1437 utemur
474 1396 644 1451 magica.
689 1395 885 1437 Nimirum
911 1396 981 1450 qui
1004 1397 1159 1450 panyit
1187 1407 1351 1447 versus,
1383 1395 1475 1449 quis
1506 1407 1600 1436 eum

120 1465 225 1509 dicat
268 1465 497 1521 artificem?
557 1465 665 1508 Inter
714 1477 864 1521 operas
907 1471 1153 1509 contractas
1198 1464 1474 1508 numerandus
1517 1469 1598 1518 est3

119 1537 263 1592 procul
301 1537 406 1579 absit
443 1536 492 1578 ab
535 1540 626 1578 arte
655 1535 834 1590 Apollini
872 1538 1012 1580 sacra!
1074 1537 1180 1586 Quid
1223 1537 1330 1579 enim
1370 1537 1449 1578 iste
1484 1536 1601 1588 sciet,

121 1620 257 1662 neque
286 1606 370 1649 ullo
403 1606 539 1649 divino
570 1606 763 1649 instinctu
794 1612 1009 1663 correptus
1047 1619 1183 1661 neque
1221 1620 1243 1649 a
1274 1611 1367 1649 vate
1399 1618 1603 1661 quoquam

121 1690 221 1720 vero
253 1677 461 1719 edoctus?
492 1676 712 1732 Insignem,
742 1677 918 1732 inquam,
951 1690 1033 1720 non
1064 1678 1218 1720 tenebit
1248 1678 1356 1720 artis
1374 1677 1602 1729 scientiam,

121 1748 305 1803 quamvis
333 1747 482 1790 habeat
512 1747 684 1802 aliquam
709 1749 926 1802 panycndi
952 1748 1199 1802 facultatem
1236 1752 1454 1802 postquam
1493 1748 1602 1790 initia

121 1824 162 1861 et
191 1819 309 1875 quasi
340 1818 547 1861 elementa·
561 1818 662 1861 artis
684 1817 834 1872 didicit,
865 1830 1129 1861 numerorum
1160 1818 1317 1861 scilicet
1341 1817 1475 1874 leges,
1506 1817 1602 1859 nihil

121 1890 234 1932 ultra.
268 1889 328 1932 cf.
351 1889 472 1932 etiam
503 1901 608 1944 quae
628 1888 799 1932 Rolbius
830 1889 881 1932 ad
902 1889 1010 1932 hunc
1032 1889 1168 1932 locum
1189 1888 1385 1931 disseruit
1398 1889 1462 1940 *):
1497 1901 1601 1942 „nec

122 1962 227 2003 enim
257 1960 464 2017 pangendi
494 1959 664 2002 facultas
697 1964 761 2002 est
789 1959 948 2003 indoles
979 1961 1163 2016 poetica3
1210 1960 1387 2005 carmina
1418 1972 1600 2015 pangere

121 2032 277 2075 aurIum
309 2030 468 2086 quidam
502 2035 541 2073 et
571 2043 760 2074 manuum
784 2036 904 2086 atque
933 2031 1159 2084 oculorum,
1191 2043 1274 2073 non
1305 2031 1457 2087 ingenii
1487 2030 1604 2072 labor

122 2103 224 2146 est.“
285 2102 427 2157 Itaque
456 2100 807 2158 legendumpesse
838 2100 1019 2145 confido:

261 2194 517 2237 contractis
530 2224 542 2248 ,
585 2194 747 2251 quibu-s
790 2194 947 2252 aliqua
974 2193 1203 2251 panyemli
1234 2191 1439 2252 facultas
1451 2224 1463 2246 ,
1505 2206 1602 2235 nec-

262 2263 367 2309 dum
403 2264 606 2321 insignis
647 2278 702 2308 es
715 2270 802 2307 set
840 2265 1003 2308 artis
1042 2278 1066 2307 s
1080 2265 1317 2309 cientia.
1378 2262 1423 2306 12·
1453 2263 1601 2305 consi-

262 2333 372 2377 dere
403 2334 542 2377 simul
572 2339 654 2376 etc.

239 2430 367 2480 Quam
398 2429 488 2472 sine
517 2428 600 2471 ullo
631 2428 776 2471 labore
805 2428 956 2471 librarii
994 2429 1099 2471 artis
1140 2427 1366 2483 depravare
1396 2428 1604 2483 potuerint

122 2499 293 2553 inuiis,
319 2498 593 2543 manifestum
636 2503 709 2541 est.
783 2498 863 2542 Sed
905 2498 1110 2553 quomodo
1154 2510 1208 2540 ex
1236 2498 1417 2541 scicntia
1455 2498 1603 2541 factum

123 2570 187 2624 sit,
218 2570 329 2625 quod
359 2570 557 2626 reliquum
589 2573 652 2612 est
682 2582 752 2620 na,
785 2569 1086 2612 demonstrabo.
1149 2568 1329 2621 Memini,
1359 2570 1401 2612 in
1430 2569 1540 2612 Med.
1563 2569 1601 2611 2.

215 2745 256 2793 *J
280 2744 428 2782 Emend.
453 2744 630 2781 tacitinae.
657 2743 780 2791 Progr.
816 2742 1002 2790 Noriberg.
1029 2742 1131 2781 1833.
