1920 3188
663 117 946 160 —27—

185 248 380 306 Coi-rige:

207 332 271 374 Et
293 334 424 372 erant
454 331 528 386 qui
574 343 657 372 non
695 330 886 376 inuhnn
927 331 1111 372 exitium
1154 330 1237 373 sed
1270 333 1547 388 eruptionem

198 394 492 454 'sunder-ent,
528 411 677 456 neque
717 398 776 440 in
808 397 943 441 dubio
983 410 1089 452 res,
1134 402 1337 456 quamvis
1381 402 1548 442 diversi

209 471 461 513 sententiis.

186 563 344 619 Quippe
374 559 616 605 vocabulum
648 563 861 606 sententiis
901 563 1040 606 ultimo
1070 563 1166 606 loco
1197 563 1395 619 positum,
1433 563 1548 607 Dinis

71 639 151 681 dux
194 634 244 678 ad
288 633 534 677 deditionem
580 639 790 690 promptus
842 639 883 677 et
924 625 1056 677 statim
1099 633 1334 690 digressus,
1380 633 1549 677 Turesis

71 707 323 762 eruptionem
361 705 402 762 in
441 705 666 759 proximam
710 710 872 747 noctem
910 717 1081 760 parans,
1124 717 1200 747 suo
1244 705 1419 760 quisque
1460 717 1549 747 cum

71 776 323 833 sequentium
362 775 509 832 globo,
549 779 659 818 totus
696 780 817 818 tenor
846 775 1111 829 narrationis,
1156 775 1310 829 omnia,
1358 779 1550 831 quantum

70 847 203 899 video,
235 846 419 899 clamant,
452 859 539 888 eam
571 859 690 902 quam
714 846 935 889 suademus
958 846 1136 901 oppositi
1159 847 1367 888 notionem
1396 858 1551 889 neces-

71 917 215 961 sariam
247 928 355 959 esse.

185 987 353 1029 Tantum
385 992 518 1030 autem
551 988 685 1041 abest,
727 993 768 1031 ut
808 988 961 1031 variata
1001 987 1182 1030 elocutio
1215 987 1357 1031 Tacito
1387 987 1554 1045 indigna

72 1060 123 1102 sit
151 1063 195 1101 ut
225 1058 349 1116 amari
391 1059 440 1101 ab
479 1071 529 1101 eo
569 1059 645 1101 viri
686 1057 794 1102 docti
824 1058 1187 1116 multisexemplis
1219 1063 1423 1113 moueant.
1488 1059 1548 1101 Cf.

71 1129 248 1185 inprimis
280 1128 460 1182 Boetich.
492 1129 571 1171 lex.
595 1130 688 1172 Tac.
711 1129 873 1185 Proleg.
909 1155 959 1163 -—
992 1129 1138 1184 Neque
1170 1129 1551 1185 palaeographicam

71 1199 187 1242 fidem
219 1190 392 1254 prorsus
424 1199 661 1256 denegabit,
694 1199 730 1241 si
762 1200 851 1255 quis
884 1193 1145 1254 expenderit,
1178 1212 1296 1254 quam
1329 1199 1449 1242 facile
1479 1200 1551 1242 lit-

71 1276 182 1313 terae
213 1269 253 1311 D
285 1274 325 1311 et
357 1269 393 1311 G'
424 1270 476 1322 (d
505 1274 544 1311 et
573 1273 619 1325 9)
660 1269 959 1312 confundantur
990 1271 1031 1311 e‘t
1063 1282 1182 1324 quam
1215 1270 1267 1311 sit
1309 1270 1350 1311 in
1380 1270 1551 1324 proclivi

73 1340 283 1396 suspicari,
315 1339 531 1383 scribentis
551 1341 724 1383 animum
747 1353 822 1396 per
844 1352 966 1383 aures
988 1340 1184 1382 consonis
1202 1340 1418 1395 utrimque,
1450 1353 1551 1395 quas

73 1415 242 1463 vocant,
286 1405 497 1453 vocalibus
530 1411 765 1466 deceptum,
798 1424 821 1453 a
852 1423 953 1453 vero
986 1411 1214 1453 aberrasse.
1249 1434 1301 1443 —
1334 1410 1400 1452 Ad
1428 1412 1551 1454 locu-

75 1481 221 1524 tionem
254 1481 393 1523 Taeito
435 1481 534 1524 satis
575 1481 832 1536 frequentem
875 1480 925 1523 cf.
957 1481 1047 1523 Hist
1086 1481 1152 1534 lv,
1192 1479 1233 1523 4.
1275 1486 1453 1523 ceterum
1481 1482 1551 1522 in-

73 1553 185 1595 vidia
214 1553 258 1593 in
289 1552 466 1605 occulto,
499 1553 687 1594 adulatio
718 1553 762 1594 in
787 1557 935 1607 aperto
967 1556 1185 1604 erant;'et
1216 1564 1322 1607 quae
1353 1551 1550 1594 Boettich.

73 1623 197 1666 attulit
228 1623 414 1679 exempla
444 1624 520 1667 suh
552 1638 590 1666 v.
621 1624 687 1678 ὄπ,-
719 1622 847 1666 Hand.
881 1623 998 1668 Turs.
1020 1622 1083 1677 111,
1117 1622 1213 1666 255.

621 1729 755 1791 Ann‘.
780 1739 873 1805 IV,
914 1741 994 1790 53.

187 1834 454 1891 Aggrippina,
488 1848 578 1877 cum
610 1835 765 1879 viseret
796 1847 884 1877 eam
917 1833 1080 1887 Caesar,
1113 1833 1302 1885 invidiam
1334 1838 1388 1889 et*
1406 1848 1552 1889 preces

73 1903 247 1949 orditur:

212 1988 478 2031 subveniret
509 1986 780 2041 solitudini,
814 1988 941 2030 daret
973 1989 1207 2042 maritum3
1252 1987 1446 2030 habilem
1479 1988 1554 2030 ad-

211 2058 295 2101 huc
320 2056 547 2112 juventam
581 2061 682 2113 sibi,
717 2071 862 2115 neque
897 2059 1005 2100 aliut
1029 2059 1182 2114 probis
1211 2071 1344 2114 quam
1376 2071 1431 2099 ex
1463 2072 1552 2100 ma-

211 2130 419 2171 trimonio
450 2129 684 2184 solatium3
730 2141 837 2172 esse
879 2131 922 2171 in
957 2130 1137 2170 civitate
1170 2158 1180 2168 .
1213 2158 1223 2168 .
1258 2160 1267 2170 .
1301 2129 1554 2171 Germanici

211 2196 449 2255 conjugem
484 2212 536 2241 ac
568 2197 739 2242 liberos
771 2197 874 2254 ejus
907 2200 1113 2254 recipere
1146 2198 1457 2255 dignarentur.

188 2293 303 2336 Hunc
334 2293 468 2335 locum
501 2303 552 2335 eo
586 2292 697 2336 attuli
723 2292 872 2345 animo,
904 2297 947 2334 ut
976 2292 1121 2334 iterum
1153 2291 1343 2347 exemplo
1375 2290 1552 2334 demon-

73 2366 209 2415 strem,
241 2363 420 2416 lacunam,
452 2375 559 2418 quae
590 2363 752 2417 'quidem
783 2363 823 2403 in
855 2362 1087 2414 cod.Med.,
1120 2363 1208 2403 sive
1238 2366 1282 2403 ut
1311 2373 1435 2416 supra
1458 2367 1552 2404 tec-

73 2436 159 2485 tae,
192 2433 281 2476 sive
313 2438 356 2476 ut
385 2433 451 2476 hic
480 2432 701 2487 indicatae,
732 2445 832 2476 vere
863 2432 1018 2486 insunt,
1056 2431 1163 2475 haud
1193 2443 1288 2475 raro
1321 2444 1399 2475 suo
1431 2445 1553 2476 com-

73 2502 277 2555 plemento
319 2503 432 2546 refici
474 2508 516 2545 et
557 2503 764 2558 explanari
805 2515 952 2558 posse,
1002 2505 1038 2545 si
1081 2514 1152 2543 eas
1192 2502 1327 2544 studio
1366 2504 1554 2546 vitandae

75 2570 383 2630 dittographiae,
415 2585 521 2629 quae
550 2572 773 2628 videretur,
804 2573 1024 2629 productas
1056 2584 1152 2616 esse
1183 2585 1435 2628 praesumas.
1479 2574 1553 2616 Li-

74 2642 231 2688 brarius
279 2644 452 2700 spatium
501 2643 696 2687 tredecim
744 2644 836 2687 fere
884 2645 1106 2687 litterarum
1158 2657 1331 2688 vacuum
1376 2644 1550 2700 reliquit.

73 2710 268 2759 Nimirum
299 2728 419 2771 quam
450 2715 527 2760 sibi
547 2713 859 2771 deprehendere
882 2714 1096 2759 videbatur
1128 2715 1438 2772 dittographiam
1470 2727 1551 2758 ex-
